@ARTICLE{Lomb1976,
   author = {{Lomb}, N.~R.},
    title = "{Least-squares frequency analysis of unequally spaced data}",
  journal = {\apss},
 keywords = {Astronomy, Data Reduction, Least Squares Method, Background Noise, Power Spectra, Sine Waves, Spectrum Analysis, Statistical Analysis, Variable Stars},
     year = 1976,
    month = feb,
   volume = 39,
    pages = {447-462},
      doi = {10.1007/BF00648343},
   adsurl = {http://adsabs.harvard.edu/abs/1976Ap%26SS..39..447L},
  adsnote = {Provided by the SAO/NASA Astrophysics Data System}
}

@ARTICLE{Scargle1982,
   author = {{Scargle}, J.~D.},
    title = "{Studies in astronomical time series analysis. II - Statistical aspects of spectral analysis of unevenly spaced data}",
  journal = {\apj},
 keywords = {Astronomy, Signal Detection, Spectrum Analysis, Statistical Distributions, Time Series Analysis, Fourier Transformation, Frequency Response, Power Spectra, Signal To Noise Ratios},
     year = 1982,
    month = dec,
   volume = 263,
    pages = {835-853},
      doi = {10.1086/160554},
   adsurl = {http://adsabs.harvard.edu/abs/1982ApJ...263..835S},
  adsnote = {Provided by the SAO/NASA Astrophysics Data System}
}

@ARTICLE{TEMP1,
   author = {{Wang}, S. and {Wang}, X.-Y. and {Wang}, Y.-H. and {Liu}, H.-G. and 
	{Hinse}, T.~C. and {Eastman}, J. and {Bayliss}, D. and {Hori}, Y. and 
	{Hu}, S.-M. and {Li}, K. and {Liu}, J. and {Narita}, N. and 
	{Peng}, X. and {Wittenmyer}, R.~A. and {Wu}, Z.-Y. and {Zhang}, H. and 
	{Zhang}, X. and {Zhao}, H. and {Zhou}, J.-L. and {Zhou}, G. and 
	{Zhou}, X. and {Laughlin}, G.},
    title = "{Transiting Exoplanet Monitoring Project (TEMP). I. Refined System Parameters and Transit Timing Variations of HAT-P-29b}",
  journal = {\aj},
archivePrefix = "arXiv",
   eprint = {1807.10107},
 primaryClass = "astro-ph.EP",
 keywords = {planetary systems, planets and satellites: fundamental parameters, planets and satellites: individual: HAT-P-29b, stars: fundamental parameters, stars: individual: HAT-P-29, techniques: photometric },
     year = 2018,
    month = oct,
   volume = 156,
      eid = {181},
    pages = {181},
      doi = {10.3847/1538-3881/aadcfc},
   adsurl = {http://adsabs.harvard.edu/abs/2018AJ....156..181W},
  adsnote = {Provided by the SAO/NASA Astrophysics Data System}
}

@ARTICLE{TEMP2,
   author = {{Wang}, Y.-H. and {Wang}, S. and {Liu}, H.-G. and {Hinse}, T.~C. and 
	{Laughlin}, G. and {Wu}, D.-H. and {Zhang}, X. and {Zhou}, X. and 
	{Wu}, Z. and {Zhou}, J.-L. and {Wittenmyer}, R.~A. and {Eastman}, J. and 
	{Zhang}, H. and {Hori}, Y. and {Narita}, N. and {Chen}, Y. and 
	{Ma}, J. and {Peng}, X. and {Zhang}, T.-M. and {Zou}, H. and 
	{Nie}, J.-D. and {Zhou}, Z.-M.},
    title = "{Transiting Exoplanet Monitoring Project (TEMP). II. Refined System Parameters and Transit Timing Analysis of HAT-P-33b}",
  journal = {\aj},
archivePrefix = "arXiv",
   eprint = {1705.08605},
 primaryClass = "astro-ph.EP",
 keywords = {planetary systems, planets and satellites: fundamental parameters, planets and satellites: individual: HAT-P-33b, stars: fundamental parameters, stars: individual: HAT-P-33, techniques: photometric},
     year = 2017,
    month = aug,
   volume = 154,
      eid = {49},
    pages = {49},
      doi = {10.3847/1538-3881/aa7519},
   adsurl = {http://adsabs.harvard.edu/abs/2017AJ....154...49W},
  adsnote = {Provided by the SAO/NASA Astrophysics Data System}
}

@ARTICLE{TEMP3,
       author = {{Wang}, Songhu and {Wu}, Dong-Hong and {Addison}, Brett C. and
        {Laughlin}, Gregory and {Liu}, Hui-Gen and {Wang}, Yong-Hao and
        {Yang}, Taozhi and {Yang}, Ming and {Yisikandeer},
        Abudusaimaitijiang and {Hong}, Renquan and {Li}, Bin and {Liu},
        Jinzhong and {Zhao}, Haibin and {Wu}, Zhen-Yu and {Hu}, Shao-
        Ming and {Zhou}, Xu and {Zhou}, Ji-Lin and {Zhang}, Hui and
        {Zheng}, Jie and {Wang}, Wei and {Fan}, Zhou and {Niu}, Hubiao
        and {Chen}, Yuan-Yuan and {Lu}, Hao and {Peng}, Xiyan and {Li},
        Kai and {Guo}, Di-Fu},
        title = "{Transiting Exoplanet Monitoring Project (TEMP). III. On the Relocation of the Kepler-9 b Transit}",
      journal = {\aj},
     keywords = {methods: observational, planetary systems, planets and satellites: fundamental parameters, planets and satellites: individual: Kepler-9b, stars: individual: Kepler-9, techniques: photometric, Astrophysics - Earth and Planetary Astrophysics},
         year = 2018,
        month = Feb,
       volume = {155},
          eid = {73},
        pages = {73},
          doi = {10.3847/1538-3881/aaa253},
archivePrefix = {arXiv},
       eprint = {1712.06297},
 primaryClass = {astro-ph.EP},
       adsurl = {https://ui.adsabs.harvard.edu/\#abs/2018AJ....155...73W},
      adsnote = {Provided by the SAO/NASA Astrophysics Data System}
}


@ARTICLE{TEMP4,
   author = {{Wang}, X.-Y. and {Wang}, S. and {Hinse}, T.~C. and {Li}, K. and 
	{Wang}, Y.-H. and {Laughlin}, G. and {Liu}, H.-G. and {Zhang}, H. and 
	{Wu}, Z.-Y. and {Zhou}, X. and {Zhou}, J.-L. and {Hu}, S.-M. and 
	{Wu}, D.-H. and {Peng}, X.-Y. and {Chen}, Y.-Y.},
    title = "{Transiting Exoplanet Monitoring Project (TEMP). IV. Refined System Parameters, Transit Timing Variations, and Orbital Stability of the Transiting Planetary System HAT-P-25}",
  journal = {\pasp},
archivePrefix = "arXiv",
   eprint = {1805.01580},
 primaryClass = "astro-ph.EP",
     year = 2018,
    month = jun,
   volume = 130,
   number = 6,
    pages = {064401},
      doi = {10.1088/1538-3873/aab93e},
   adsurl = {http://adsabs.harvard.edu/abs/2018PASP..130f4401W},
  adsnote = {Provided by the SAO/NASA Astrophysics Data System}
}

@ARTICLE{barnes2006,
   author = {{Barnes}, R. and {Greenberg}, R.},
    title = "{Stability Limits in Extrasolar Planetary Systems}",
  journal = {\apjl},
   eprint = {astro-ph/0607210},
 keywords = {Methods: Analytical, Methods: n-Body Simulations, Stars: Planetary Systems, Stars: Individual: Henry Draper Number: HD 12661, Stars: Individual: Constellation Name: 47 Ursae Majoris},
     year = 2006,
    month = aug,
   volume = 647,
    pages = {L163-L166},
      doi = {10.1086/507521},
   adsurl = {http://adsabs.harvard.edu/abs/2006ApJ...647L.163B},
  adsnote = {Provided by the SAO/NASA Astrophysics Data System}
}

@ARTICLE{hi2010,
   author = {{Hinse}, T.~C. and {Christou}, A.~A. and {Alvarellos}, J.~L.~A. and 
	{Go{\'z}dziewski}, K.},
    title = "{Application of the MEGNO technique to the dynamics of Jovian irregular satellites}",
  journal = {\mnras},
archivePrefix = "arXiv",
   eprint = {0907.4886},
 primaryClass = "astro-ph.EP",
 keywords = {methods: N-body simulations, methods: numerical, celestial mechanics, planets and satellites: individual: Ananke, planets and satellites: individual: Himalia, planets and satellites: individual: Themisto},
     year = 2010,
    month = may,
   volume = 404,
    pages = {837-857},
      doi = {10.1111/j.1365-2966.2010.16307.x},
   adsurl = {http://adsabs.harvard.edu/abs/2010MNRAS.404..837H},
  adsnote = {Provided by the SAO/NASA Astrophysics Data System}
}

@ARTICLE{cincsimo2000,
   author = {{Cincotta}, P.~M. and {Sim{\'o}}, C.},
    title = "{Simple tools to study global dynamics in non-axisymmetric galactic potentials - I}",
  journal = {\aaps},
 keywords = {GALAXIES: DYNAMICS, STELLAR DYNAMICS, METHODS: ANALYTICAL-NUMERICAL, CHAOS},
     year = 2000,
    month = dec,
   volume = 147,
    pages = {205-228},
      doi = {10.1051/aas:2000108},
   adsurl = {http://adsabs.harvard.edu/abs/2000A%26AS..147..205C},
  adsnote = {Provided by the SAO/NASA Astrophysics Data System}
}

@ARTICLE{go2003,
   author = {{Go{\'z}dziewski}, K.},
    title = "{A dynamical analysis of the HD 37124 planetary system}",
  journal = {\aap},
 keywords = {celestial mechanics, stellar dynamics, methods: numerical, N-body simulations, planetary systems, stars: individual: HD 37124},
     year = 2003,
    month = jan,
   volume = 398,
    pages = {315-325},
      doi = {10.1051/0004-6361:20021602},
   adsurl = {http://adsabs.harvard.edu/abs/2003A%26A...398..315G},
  adsnote = {Provided by the SAO/NASA Astrophysics Data System}
}

@ARTICLE{go2008,
   author = {{Go{\'z}dziewski}, K. and {Breiter}, S. and {Borczyk}, W.},
    title = "{The long-term stability of extrasolar system HD37124. Numerical study of resonance effects}",
  journal = {\mnras},
archivePrefix = "arXiv",
   eprint = {0710.5440},
 keywords = {methods: N-body simulations , methods: numerical , techniques: miscellaneous , stars: individual: HD37124},
     year = 2008,
    month = jan,
   volume = 383,
    pages = {989-999},
      doi = {10.1111/j.1365-2966.2007.12608.x},
   adsurl = {http://adsabs.harvard.edu/abs/2008MNRAS.383..989G},
  adsnote = {Provided by the SAO/NASA Astrophysics Data System}
}

@ARTICLE{go2001,
   author = {{Go{\'z}dziewski}, K. and {Bois}, E. and {Maciejewski}, A.~J. and 
	{Kiseleva-Eggleton}, L.},
    title = "{Global dynamics of planetary systems with the MEGNO criterion}",
  journal = {\aap},
 keywords = {CELESTIAL MECHANICS, STELLAR DYNAMICS, METHODS: NUMERICAL, N-BODY SIMULATIONS, PLANETARY SYSTEMS, STARS: INDIVIDUAL (UPSILON ANDROMEDAE)},
     year = 2001,
    month = nov,
   volume = 378,
    pages = {569-586},
      doi = {10.1051/0004-6361:20011189},
   adsurl = {http://adsabs.harvard.edu/abs/2001A%26A...378..569G},
  adsnote = {Provided by the SAO/NASA Astrophysics Data System}
}

@ARTICLE{ci2003,
   author = {{Cincotta}, P.~M. and {Giordano}, C.~M. and {Sim{\'o}}, C.},
    title = "{Phase space structure of multi-dimensional systems by means of the mean exponential growth factor of nearby orbits}",
  journal = {Physica D Nonlinear Phenomena},
     year = 2003,
    month = aug,
   volume = 182,
    pages = {151-178},
      doi = {10.1016/S0167-2789(03)00103-9},
   adsurl = {http://adsabs.harvard.edu/abs/2003PhyD..182..151C},
  adsnote = {Provided by the SAO/NASA Astrophysics Data System}
}

@ARTICLE{bean2009,
   author = {{Bean}, J.~L.},
    title = "{An analysis of the transit times of CoRoT-1b}",
  journal = {\aap},
archivePrefix = "arXiv",
   eprint = {0903.1845},
 primaryClass = "astro-ph.EP",
 keywords = {techniques: photometric, eclipses, stars: individual: CoRoT-1, planetary systems},
     year = 2009,
    month = oct,
   volume = 506,
    pages = {369-375},
      doi = {10.1051/0004-6361/200912030},
   adsurl = {http://adsabs.harvard.edu/abs/2009A%26A...506..369B},
  adsnote = {Provided by the SAO/NASA Astrophysics Data System}
}

@ARTICLE{fukui2011,
   author = {{Fukui}, A. and {Narita}, N. and {Tristram}, P.~J. and {Sumi}, T. and 
	{Abe}, F. and {Itow}, Y. and {Sullivan}, D.~J. and {Bond}, I.~A. and 
	{Hirano}, T. and {Tamura}, M. and {Bennett}, D.~P. and {Furusawa}, K. and 
	{Hayashi}, F. and {Hearnshaw}, J.~B. and {Hosaka}, S. and {Kamiya}, K. and 
	{Kobara}, S. and {Korpela}, A. and {Kilmartin}, P.~M. and {Lin}, W. and 
	{Ling}, C.~H. and {Makita}, S. and {Masuda}, K. and {Matsubara}, Y. and 
	{Miyake}, N. and {Muraki}, Y. and {Nagaya}, M. and {Nishimoto}, K. and 
	{Ohnishi}, K. and {Omori}, K. and {Perrott}, Y. and {Rattenbury}, N. and 
	{Saito}, T. and {Skuljan}, L. and {Suzuki}, D. and {Sweatman}, W.~L. and 
	{Wada}, K.},
    title = "{Measurements of Transit Timing Variations for WASP-5b}",
  journal = {\pasj},
archivePrefix = "arXiv",
   eprint = {1009.5769},
 primaryClass = "astro-ph.EP",
 keywords = {stars: planetary systems: individual (WASP-5), techniques: photometric},
     year = 2011,
    month = feb,
   volume = 63,
    pages = {287-300},
      doi = {10.1093/pasj/63.1.287},
   adsurl = {http://adsabs.harvard.edu/abs/2011PASJ...63..287F},
  adsnote = {Provided by the SAO/NASA Astrophysics Data System}
}


@ARTICLE{2008ApJ...688..636N,
   author = {{Nesvorn{\'y}}, D. and {Morbidelli}, A.},
    title = "{Mass and Orbit Determination from Transit Timing Variations of Exoplanets}",
  journal = {\apj},
 keywords = {celestial mechanics, planetary systems},
     year = 2008,
    month = nov,
   volume = 688,
    pages = {636-646},
      doi = {10.1086/592230},
   adsurl = {http://adsabs.harvard.edu/abs/2008ApJ...688..636N},
  adsnote = {Provided by the SAO/NASA Astrophysics Data System}
}

@ARTICLE{2018ApJS..236...16V,
   author = {{VanderPlas}, J.~T.},
    title = "{Understanding the Lomb-Scargle Periodogram}",
  journal = {\apjs},
archivePrefix = "arXiv",
   eprint = {1703.09824},
 primaryClass = "astro-ph.IM",
 keywords = {methods: data analysis, methods: statistical},
     year = 2018,
    month = may,
   volume = 236,
      eid = {16},
    pages = {16},
      doi = {10.3847/1538-4365/aab766},
   adsurl = {http://adsabs.harvard.edu/abs/2018ApJS..236...16V},
  adsnote = {Provided by the SAO/NASA Astrophysics Data System}
}

@INPROCEEDINGS{2012cidu.conf...47V,
   author = {{VanderPlas}, J. and {Connolly}, A.~J. and {Ivezic}, Z. and 
	{Gray}, A.},
    title = "{Introduction to astroML: Machine learning for astrophysics}",
booktitle = {Proceedings of Conference on Intelligent Data Understanding (CIDU), pp. 47-54, 2012.},
     year = 2012,
archivePrefix = "arXiv",
   eprint = {1411.5039},
 primaryClass = "astro-ph.IM",
    month = oct,
    pages = {47-54},
      doi = {10.1109/CIDU.2012.6382200},
   adsurl = {http://adsabs.harvard.edu/abs/2012cidu.conf...47V},
  adsnote = {Provided by the SAO/NASA Astrophysics Data System}
}

@ARTICLE{2015ApJ...812...18V,
   author = {{VanderPlas}, J.~T. and {Ivezi{\'c}}, {\v Z}.},
    title = "{Periodograms for Multiband Astronomical Time Series}",
  journal = {\apj},
archivePrefix = "arXiv",
   eprint = {1502.01344},
 primaryClass = "astro-ph.IM",
 keywords = {methods: data analysis, methods: statistical, surveys},
     year = 2015,
    month = oct,
   volume = 812,
      eid = {18},
    pages = {18},
      doi = {10.1088/0004-637X/812/1/18},
   adsurl = {http://adsabs.harvard.edu/abs/2015ApJ...812...18V},
  adsnote = {Provided by the SAO/NASA Astrophysics Data System}
}


@ARTICLE{Diaz2018,
   author = {{D{\'{\i}}az}, M.~R. and {Jenkins}, J.~S. and {Tuomi}, M. and 
	{Butler}, R.~P. and {Soto}, M.~G. and {Teske}, J.~K. and {Feng}, F. and 
	{Shectman}, S.~A. and {Arriagada}, P. and {Crane}, J.~D. and 
	{Thompson}, I.~B. and {Vogt}, S.~S.},
    title = "{The Test Case of HD 26965: Difficulties Disentangling Weak Doppler Signals from Stellar Activity}",
  journal = {\aj},
archivePrefix = "arXiv",
   eprint = {1801.03970},
 primaryClass = "astro-ph.EP",
 keywords = {methods: statistical, stars: activity, stars: individual: HD 26965, techniques: radial velocities, techniques: spectroscopic},
     year = 2018,
    month = mar,
   volume = 155,
      eid = {126},
    pages = {126},
      doi = {10.3847/1538-3881/aaa896},
   adsurl = {http://adsabs.harvard.edu/abs/2018AJ....155..126D},
  adsnote = {Provided by the SAO/NASA Astrophysics Data System}
}

@ARTICLE{Agol2005,
   author = {{Agol}, E. and {Steffen}, J. and {Sari}, R. and {Clarkson}, W.
	},
    title = "{On detecting terrestrial planets with timing of giant planet transits}",
  journal = {\mnras},
   eprint = {astro-ph/0412032},
 keywords = {eclipses, planetary systems, extrasolar planets, transiting planets, planetary dynamics},
     year = 2005,
    month = may,
   volume = 359,
    pages = {567-579},
      doi = {10.1111/j.1365-2966.2005.08922.x},
   adsurl = {http://adsabs.harvard.edu/abs/2005MNRAS.359..567A},
  adsnote = {Provided by the SAO/NASA Astrophysics Data System}
}

@ARTICLE{Choi2016,
   author = {{Choi}, J. and {Dotter}, A. and {Conroy}, C. and {Cantiello}, M. and 
	{Paxton}, B. and {Johnson}, B.~D.},
    title = "{Mesa Isochrones and Stellar Tracks (MIST). I. Solar-scaled Models}",
  journal = {\apj},
archivePrefix = "arXiv",
   eprint = {1604.08592},
 primaryClass = "astro-ph.SR",
 keywords = {stars: evolution, stars: general, stars: interiors},
     year = 2016,
    month = jun,
   volume = 823,
      eid = {102},
    pages = {102},
      doi = {10.3847/0004-637X/823/2/102},
   adsurl = {http://adsabs.harvard.edu/abs/2016ApJ...823..102C},
  adsnote = {Provided by the SAO/NASA Astrophysics Data System}
}

@ARTICLE{Dotter2016,
   author = {{Dotter}, A.},
    title = "{MESA Isochrones and Stellar Tracks (MIST) 0: Methods for the Construction of Stellar Isochrones}",
  journal = {\apjs},
archivePrefix = "arXiv",
   eprint = {1601.05144},
 primaryClass = "astro-ph.SR",
 keywords = {methods: numerical, stars: evolution},
     year = 2016,
    month = jan,
   volume = 222,
      eid = {8},
    pages = {8},
      doi = {10.3847/0067-0049/222/1/8},
   adsurl = {http://adsabs.harvard.edu/abs/2016ApJS..222....8D},
  adsnote = {Provided by the SAO/NASA Astrophysics Data System}
}

@ARTICLE{Eastman2013,
   author = {{Eastman}, J. and {Gaudi}, B.~S. and {Agol}, E.},
    title = "{EXOFAST: A Fast Exoplanetary Fitting Suite in IDL}",
  journal = {\pasp},
archivePrefix = "arXiv",
   eprint = {1206.5798},
 primaryClass = "astro-ph.IM",
     year = 2013,
    month = jan,
   volume = 125,
    pages = {83},
      doi = {10.1086/669497},
   adsurl = {http://adsabs.harvard.edu/abs/2013PASP..125...83E},
  adsnote = {Provided by the SAO/NASA Astrophysics Data System}
}

@ARTICLE{Eastman2010,
   author = {{Eastman}, J. and {Siverd}, R. and {Gaudi}, B.~S.},
    title = "{Achieving Better Than 1 Minute Accuracy in the Heliocentric and Barycentric Julian Dates}",
  journal = {\pasp},
archivePrefix = "arXiv",
   eprint = {1005.4415},
 primaryClass = "astro-ph.IM",
     year = 2010,
    month = aug,
   volume = 122,
    pages = {935},
      doi = {10.1086/655938},
   adsurl = {http://adsabs.harvard.edu/abs/2010PASP..122..935E},
  adsnote = {Provided by the SAO/NASA Astrophysics Data System}
}

@ARTICLE{Hebb2010,
   author = {{Hebb}, L. and {Collier-Cameron}, A. and {Triaud}, A.~H.~M.~J. and 
	{Lister}, T.~A. and {Smalley}, B. and {Maxted}, P.~F.~L. and 
	{Hellier}, C. and {Anderson}, D.~R. and {Pollacco}, D. and {Gillon}, M. and 
	{Queloz}, D. and {West}, R.~G. and {Bentley}, S. and {Enoch}, B. and 
	{Haswell}, C.~A. and {Horne}, K. and {Mayor}, M. and {Pepe}, F. and 
	{Segransan}, D. and {Skillen}, I. and {Udry}, S. and {Wheatley}, P.~J.
	},
    title = "{WASP-19b: The Shortest Period Transiting Exoplanet Yet Discovered}",
  journal = {\apj},
archivePrefix = "arXiv",
   eprint = {1001.0403},
 primaryClass = "astro-ph.EP",
 keywords = {planetary systems, techniques: photometric, techniques: radial velocities},
     year = 2010,
    month = jan,
   volume = 708,
    pages = {224-231},
      doi = {10.1088/0004-637X/708/1/224},
   adsurl = {http://adsabs.harvard.edu/abs/2010ApJ...708..224H},
  adsnote = {Provided by the SAO/NASA Astrophysics Data System}
}


@ARTICLE{Hellier2009,
   author = {{Hellier}, C. and {Anderson}, D.~R. and {Collier Cameron}, A. and 
	{Gillon}, M. and {Hebb}, L. and {Maxted}, P.~F.~L. and {Queloz}, D. and 
	{Smalley}, B. and {Triaud}, A.~H.~M.~J. and {West}, R.~G. and 
	{Wilson}, D.~M. and {Bentley}, S.~J. and {Enoch}, B. and {Horne}, K. and 
	{Irwin}, J. and {Lister}, T.~A. and {Mayor}, M. and {Parley}, N. and 
	{Pepe}, F. and {Pollacco}, D.~L. and {Segransan}, D. and {Udry}, S. and 
	{Wheatley}, P.~J.},
    title = "{An orbital period of 0.94days for the hot-Jupiter planet WASP-18b}",
  journal = {\nat},
     year = 2009,
    month = aug,
   volume = 460,
    pages = {1098-1100},
      doi = {10.1038/nature08245},
   adsurl = {http://adsabs.harvard.edu/abs/2009Natur.460.1098H},
  adsnote = {Provided by the SAO/NASA Astrophysics Data System}
}


@ARTICLE{Holman2005,
   author = {{Holman}, M.~J. and {Murray}, N.~W.},
    title = "{The Use of Transit Timing to Detect Terrestrial-Mass Extrasolar Planets}",
  journal = {Science},
   eprint = {astro-ph/0412028},
     year = 2005,
    month = feb,
   volume = 307,
    pages = {1288-1291},
      doi = {10.1126/science.1107822},
   adsurl = {http://adsabs.harvard.edu/abs/2005Sci...307.1288H},
  adsnote = {Provided by the SAO/NASA Astrophysics Data System}
}

@ARTICLE{Holman2010,
   author = {{Holman}, M.~J. and {Fabrycky}, D.~C. and {Ragozzine}, D. and 
	{Ford}, E.~B. and {Steffen}, J.~H. and {Welsh}, W.~F. and {Lissauer}, J.~J. and 
	{Latham}, D.~W. and {Marcy}, G.~W. and {Walkowicz}, L.~M. and 
	{Batalha}, N.~M. and {Jenkins}, J.~M. and {Rowe}, J.~F. and 
	{Cochran}, W.~D. and {Fressin}, F. and {Torres}, G. and {Buchhave}, L.~A. and 
	{Sasselov}, D.~D. and {Borucki}, W.~J. and {Koch}, D.~G. and 
	{Basri}, G. and {Brown}, T.~M. and {Caldwell}, D.~A. and {Charbonneau}, D. and 
	{Dunham}, E.~W. and {Gautier}, T.~N. and {Geary}, J.~C. and 
	{Gilliland}, R.~L. and {Haas}, M.~R. and {Howell}, S.~B. and 
	{Ciardi}, D.~R. and {Endl}, M. and {Fischer}, D. and {F{\"u}r{\'e}sz}, G. and 
	{Hartman}, J.~D. and {Isaacson}, H. and {Johnson}, J.~A. and 
	{MacQueen}, P.~J. and {Moorhead}, A.~V. and {Morehead}, R.~C. and 
	{Orosz}, J.~A.},
    title = "{Kepler-9: A System of Multiple Planets Transiting a Sun-Like Star, Confirmed by Timing Variations}",
  journal = {Science},
     year = 2010,
    month = oct,
   volume = 330,
    pages = {51},
      doi = {10.1126/science.1195778},
   adsurl = {http://adsabs.harvard.edu/abs/2010Sci...330...51H},
  adsnote = {Provided by the SAO/NASA Astrophysics Data System}
}

@ARTICLE{Maxted2013,
   author = {{Maxted}, P.~F.~L. and {Anderson}, D.~R. and {Collier Cameron}, A. and 
	{Doyle}, A.~P. and {Fumel}, A. and {Gillon}, M. and {Hellier}, C. and 
	{Jehin}, E. and {Lendl}, M. and {Pepe}, F. and {Pollacco}, D.~L. and 
	{Queloz}, D. and {S{\'e}gransan}, D. and {Smalley}, B. and {Southworth}, K. and 
	{Smith}, A.~M.~S. and {Triaud}, A.~H.~M.~J. and {Udry}, S. and 
	{West}, R.~G.},
    title = "{WASP-77 Ab: A Transiting Hot Jupiter Planet in a Wide Binary System}",
  journal = {\pasp},
archivePrefix = "arXiv",
   eprint = {1211.6033},
 primaryClass = "astro-ph.EP",
     year = 2013,
    month = jan,
   volume = 125,
    pages = {48},
      doi = {10.1086/669231},
   adsurl = {http://adsabs.harvard.edu/abs/2013PASP..125...48M},
  adsnote = {Provided by the SAO/NASA Astrophysics Data System}
}

@ARTICLE{Maxted2013b,
       author = {{Maxted}, P.~F.~L. and {Anderson}, D.~R. and {Doyle}, A.~P. and
        {Gillon}, M. and {Harrington}, J. and {Iro}, N. and {Jehin}, E.
        and {Lafreni{\`e}re}, D. and {Smalley}, B. and {Southworth}, J.},
        title = "{Spitzer 3.6 and 4.5 {\ensuremath{\mu}}m full-orbit light curves of WASP-18}",
      journal = {\mnras},
     keywords = {stars: individual: WASP-18, planetary systems, planets and satellites: atmospheres, Astrophysics - Earth and Planetary Astrophysics},
         year = 2013,
        month = Jan,
       volume = {428},
        pages = {2645-2660},
          doi = {10.1093/mnras/sts231},
archivePrefix = {arXiv},
       eprint = {1210.5585},
 primaryClass = {astro-ph.EP},
       adsurl = {https://ui.adsabs.harvard.edu/\#abs/2013MNRAS.428.2645M},
      adsnote = {Provided by the SAO/NASA Astrophysics Data System}
}



@ARTICLE{Miralda2002,
   author = {{Miralda-Escud{\'e}}, J.},
    title = "{Orbital Perturbations of Transiting Planets: A Possible Method to Measure Stellar Quadrupoles and to Detect Earth-Mass Planets}",
  journal = {\apj},
   eprint = {astro-ph/0104034},
 keywords = {Stars: Planetary Systems, Stars: Rotation},
     year = 2002,
    month = jan,
   volume = 564,
    pages = {1019-1023},
      doi = {10.1086/324279},
   adsurl = {http://adsabs.harvard.edu/abs/2002ApJ...564.1019M},
  adsnote = {Provided by the SAO/NASA Astrophysics Data System}
}

@ARTICLE{Torres2011,
   author = {{Torres}, G. and {Fressin}, F. and {Batalha}, N.~M. and {Borucki}, W.~J. and 
	{Brown}, T.~M. and {Bryson}, S.~T. and {Buchhave}, L.~A. and 
	{Charbonneau}, D. and {Ciardi}, D.~R. and {Dunham}, E.~W. and 
	{Fabrycky}, D.~C. and {Ford}, E.~B. and {Gautier}, III, T.~N. and 
	{Gilliland}, R.~L. and {Holman}, M.~J. and {Howell}, S.~B. and 
	{Isaacson}, H. and {Jenkins}, J.~M. and {Koch}, D.~G. and {Latham}, D.~W. and 
	{Lissauer}, J.~J. and {Marcy}, G.~W. and {Monet}, D.~G. and 
	{Prsa}, A. and {Quinn}, S.~N. and {Ragozzine}, D. and {Rowe}, J.~F. and 
	{Sasselov}, D.~D. and {Steffen}, J.~H. and {Welsh}, W.~F.},
    title = "{Modeling Kepler Transit Light Curves as False Positives: Rejection of Blend Scenarios for Kepler-9, and Validation of Kepler-9 d, A Super-earth-size Planet in a Multiple System}",
  journal = {\apj},
archivePrefix = "arXiv",
   eprint = {1008.4393},
 primaryClass = "astro-ph.EP",
 keywords = {binaries: eclipsing, planetary systems, stars: individual: Kepler-9 KIC 3323887 KOI-377, stars: statistics},
     year = 2011,
    month = jan,
   volume = 727,
      eid = {24},
    pages = {24},
      doi = {10.1088/0004-637X/727/1/24},
   adsurl = {http://adsabs.harvard.edu/abs/2011ApJ...727...24T},
  adsnote = {Provided by the SAO/NASA Astrophysics Data System}
}


@ARTICLE{Wilkins2017,
   author = {{Wilkins}, A.~N. and {Delrez}, L. and {Barker}, A.~J. and {Deming}, D. and 
	{Hamilton}, D. and {Gillon}, M. and {Jehin}, E.},
    title = "{Searching for Rapid Orbital Decay of WASP-18b}",
  journal = {\apjl},
archivePrefix = "arXiv",
   eprint = {1702.01123},
 primaryClass = "astro-ph.EP",
 keywords = {planets and satellites: atmospheres, stars: individual: WASP-18, techniques: photometric, techniques: spectroscopic},
     year = 2017,
    month = feb,
   volume = 836,
      eid = {L24},
    pages = {L24},
      doi = {10.3847/2041-8213/aa5d9f},
   adsurl = {http://adsabs.harvard.edu/abs/2017ApJ...836L..24W},
  adsnote = {Provided by the SAO/NASA Astrophysics Data System}
}


@ARTICLE{Schlegel998,
   author = {{Schlegel}, D.~J. and {Finkbeiner}, D.~P. and {Davis}, M.},
    title = "{Maps of Dust Infrared Emission for Use in Estimation of Reddening and Cosmic Microwave Background Radiation Foregrounds}",
  journal = {\apj},
   eprint = {astro-ph/9710327},
 keywords = {COSMOLOGY: DIFFUSE RADIATION, COSMOLOGY: COSMIC MICROWAVE BACKGROUND, ISM: DUST, EXTINCTION, INTERPLANETARY MEDIUM, INFRARED: ISM: CONTINUUM, Cosmology: Cosmic Microwave Background, Cosmology: Diffuse Radiation, ISM: Dust, Extinction, Infrared: ISM: Continuum, Interplanetary Medium},
     year = 1998,
    month = jun,
   volume = 500,
    pages = {525-553},
      doi = {10.1086/305772},
   adsurl = {http://adsabs.harvard.edu/abs/1998ApJ...500..525S},
  adsnote = {Provided by the SAO/NASA Astrophysics Data System}
}

@ARTICLE{Schlafly2011,
   author = {{Schlafly}, E.~F. and {Finkbeiner}, D.~P.},
    title = "{Measuring Reddening with Sloan Digital Sky Survey Stellar Spectra and Recalibrating SFD}",
  journal = {\apj},
archivePrefix = "arXiv",
   eprint = {1012.4804},
 primaryClass = "astro-ph.GA",
 keywords = {dust, extinction, Galaxy: stellar content, ISM: clouds},
     year = 2011,
    month = aug,
   volume = 737,
      eid = {103},
    pages = {103},
      doi = {10.1088/0004-637X/737/2/103},
   adsurl = {http://adsabs.harvard.edu/abs/2011ApJ...737..103S},
  adsnote = {Provided by the SAO/NASA Astrophysics Data System}
}

@ARTICLE{Ballard2011,
       author = {{Ballard}, Sarah and {Fabrycky}, Daniel and {Fressin}, Francois and
        {Charbonneau}, David and {Desert}, Jean-Michel and {Torres},
        Guillermo and {Marcy}, Geoffrey and {Burke}, Christopher J. and
        {Isaacson}, Howard and {Henze}, Christopher and {Steffen}, Jason
        H. and {Ciardi}, David R. and {Howell}, Steven B. and {Cochran},
        William D. and {Endl}, Michael and {Bryson}, Stephen T. and
        {Rowe}, Jason F. and {Holman}, Matthew J. and {Lissauer}, Jack
        J. and {Jenkins}, Jon M. and {Still}, Martin and {Ford}, Eric B.
        and {Christiansen}, Jessie L. and {Middour}, Christopher K. and
        {Haas}, Michael R. and {Li}, Jie and {Hall}, Jennifer R. and
        {McCauliff}, Sean and {Batalha}, Natalie M. and {Koch}, David G.
        and {Borucki}, William J.},
        title = "{The Kepler-19 System: A Transiting 2.2 R $_{{\ensuremath{\oplus}}}$
        Planet and a Second Planet Detected via Transit Timing
        Variations}",
      journal = {\apj},
     keywords = {eclipses, planetary systems, stars: individual: Kepler-19 KOI-84 KIC
        2571238, Astrophysics - Earth and Planetary Astrophysics},
         year = 2011,
        month = Dec,
       volume = {743},
          eid = {200},
        pages = {200},
          doi = {10.1088/0004-637X/743/2/200},
archivePrefix = {arXiv},
       eprint = {1109.1561},
 primaryClass = {astro-ph.EP},
       adsurl = {https://ui.adsabs.harvard.edu/#abs/2011ApJ...743..200B},
      adsnote = {Provided by the SAO/NASA Astrophysics Data System}
}

@ARTICLE{Ford2012a,
       author = {{Ford}, Eric B. and {Fabrycky}, Daniel C. and {Steffen}, Jason H. and
        {Carter}, Joshua A. and {Fressin}, Francois and {Holman},
        Matthew J. and {Lissauer}, Jack J. and {Moorhead}, Althea V. and
        {Morehead}, Robert C. and {Ragozzine}, Darin and {Rowe}, Jason
        F. and {Welsh}, William F. and {Allen}, Christopher and
        {Batalha}, Natalie M. and {Borucki}, William J. and {Bryson},
        Stephen T. and {Buchhave}, Lars A. and {Burke}, Christopher J.
        and {Caldwell}, Douglas A. and {Charbonneau}, David and
        {Clarke}, Bruce D. and {Cochran}, William D. and {D{\'e}sert},
        Jean-Michel and {Endl}, Michael and {Everett}, Mark E. and
        {Fischer}, Debra A. and {Gautier}, Thomas N., III and
        {Gilliland}, Ron L. and {Jenkins}, Jon M. and {Haas}, Michael R.
        and {Horch}, Elliott and {Howell}, Steve B. and {Ibrahim},
        Khadeejah A. and {Isaacson}, Howard and {Koch}, David G. and
        {Latham}, David W. and {Li}, Jie and {Lucas}, Philip and
        {MacQueen}, Phillip J. and {Marcy}, Geoffrey W. and {McCauliff},
        Sean and {Mullally}, Fergal R. and {Quinn}, Samuel N. and
        {Quintana}, Elisa and {Shporer}, Avi and {Still}, Martin and
        {Tenenbaum}, Peter and {Thompson}, Susan E. and {Torres},
        Guillermo and {Twicken}, Joseph D. and {Wohler}, Bill and
        {Kepler Science Team}},
        title = "{Transit Timing Observations from Kepler. II. Confirmation of Two
        Multiplanet Systems via a Non-parametric Correlation Analysis}",
      journal = {\apj},
     keywords = {planetary systems, planets and satellites: detection, planets and
        satellites: dynamical evolution and stability, stars:
        individual: KIC 3231341 11512246 KOI 168 1102 Kepler-23
        Kepler-24, techniques: miscellaneous, Astrophysics - Earth and
        Planetary Astrophysics},
         year = 2012,
        month = May,
       volume = {750},
          eid = {113},
        pages = {113},
          doi = {10.1088/0004-637X/750/2/113},
archivePrefix = {arXiv},
       eprint = {1201.5409},
 primaryClass = {astro-ph.EP},
       adsurl = {https://ui.adsabs.harvard.edu/#abs/2012ApJ...750..113F},
      adsnote = {Provided by the SAO/NASA Astrophysics Data System}
}

@ARTICLE{Steffen2012,
       author = {{Steffen}, Jason H. and {Ford}, Eric B. and {Rowe}, Jason F. and
        {Fabrycky}, Daniel C. and {Holman}, Matthew J. and {Welsh},
        William F. and {Batalha}, Natalie M. and {Borucki}, William J.
        and {Bryson}, Steve and {Caldwell}, Douglas A. and {Ciardi},
        David R. and {Jenkins}, Jon M. and {Kjeldsen}, Hans and {Koch},
        David G. and {Pr{\v{s}}a}, Andrej and {Sanderfer}, Dwight T. and
        {Seader}, Shawn and {Twicken}, Joseph D.},
        title = "{Transit Timing Observations from Kepler. VI. Potentially Interesting
        Candidate Systems from Fourier-based Statistical Tests}",
      journal = {\apj},
     keywords = {planetary systems, planets and satellites: detection, planets and
        satellites: dynamical evolution and stability, techniques:
        miscellaneous, Astrophysics - Earth and Planetary Astrophysics},
         year = 2012,
        month = Sep,
       volume = {756},
          eid = {186},
        pages = {186},
          doi = {10.1088/0004-637X/756/2/186},
archivePrefix = {arXiv},
       eprint = {1201.1873},
 primaryClass = {astro-ph.EP},
       adsurl = {https://ui.adsabs.harvard.edu/#abs/2012ApJ...756..186S},
      adsnote = {Provided by the SAO/NASA Astrophysics Data System}
}

@ARTICLE{Fabrycky2012,
       author = {{Fabrycky}, Daniel C. and {Ford}, Eric B. and {Steffen}, Jason H. and
        {Rowe}, Jason F. and {Carter}, Joshua A. and {Moorhead}, Althea
        V. and {Batalha}, Natalie M. and {Borucki}, William J. and
        {Bryson}, Steve and {Buchhave}, Lars A. and {Christiansen},
        Jessie L. and {Ciardi}, David R. and {Cochran}, William D. and
        {Endl}, Michael and {Fanelli}, Michael N. and {Fischer}, Debra
        and {Fressin}, Francois and {Geary}, John and {Haas}, Michael R.
        and {Hall}, Jennifer R. and {Holman}, Matthew J. and {Jenkins},
        Jon M. and {Koch}, David G. and {Latham}, David W. and {Li}, Jie
        and {Lissauer}, Jack J. and {Lucas}, Philip and {Marcy},
        Geoffrey W. and {Mazeh}, Tsevi and {McCauliff}, Sean and
        {Quinn}, Samuel and {Ragozzine}, Darin and {Sasselov}, Dimitar
        and {Shporer}, Avi},
        title = "{Transit Timing Observations from Kepler. IV. Confirmation of Four
        Multiple-planet Systems by Simple Physical Models}",
      journal = {\apj},
     keywords = {methods: statistical, planetary systems, planets and satellites:
        detection, planets and satellites: dynamical evolution and
        stability, stars: individual: KID 10358759/KOI-738/Kepler-29 KID
        3832474/KOI-806/Kepler-30 KID 9347899/KOI-935/Kepler-31 KID
        9787239/KOI-952/Kepler-32, Astrophysics - Earth and Planetary
        Astrophysics},
         year = 2012,
        month = May,
       volume = {750},
          eid = {114},
        pages = {114},
          doi = {10.1088/0004-637X/750/2/114},
archivePrefix = {arXiv},
       eprint = {1201.5415},
 primaryClass = {astro-ph.EP},
       adsurl = {https://ui.adsabs.harvard.edu/#abs/2012ApJ...750..114F},
      adsnote = {Provided by the SAO/NASA Astrophysics Data System}
}

@ARTICLE{Mancini2016,
       author = {{Mancini}, L. and {Lillo-Box}, J. and {Southworth}, J. and {Borsato}, L.
        and {Gandolfi}, D. and {Ciceri}, S. and {Barrado}, D. and
        {Brahm}, R. and {Henning}, Th.},
        title = "{Kepler-539: A young extrasolar system with two giant planets on wide
        orbits and in gravitational interaction}",
      journal = {\aap},
     keywords = {planetary systems, stars: fundamental parameters, stars: individual:
        Kepler-539, Astrophysics - Earth and Planetary Astrophysics},
         year = 2016,
        month = May,
       volume = {590},
          eid = {A112},
        pages = {A112},
          doi = {10.1051/0004-6361/201526357},
 primaryClass = {astro-ph.EP},
       adsurl = {https://ui.adsabs.harvard.edu/#abs/2016A&A...590A.112M},
      adsnote = {Provided by the SAO/NASA Astrophysics Data System}
}

@ARTICLE{Becker2015,
       author = {{Becker}, Juliette C. and {Vanderburg}, Andrew and {Adams}, Fred C. and
        {Rappaport}, Saul A. and {Schwengeler}, Hans Martin},
        title = "{WASP-47: A Hot Jupiter System with Two Additional Planets Discovered by
        K2}",
      journal = {\apj},
     keywords = {planets and satellites: detection, planets and satellites: dynamical
        evolution and stability, techniques: photometric, Astrophysics -
        Earth and Planetary Astrophysics},
         year = 2015,
        month = Oct,
       volume = {812},
          eid = {L18},
        pages = {L18},
          doi = {10.1088/2041-8205/812/2/L18},
 primaryClass = {astro-ph.EP},
       adsurl = {https://ui.adsabs.harvard.edu/#abs/2015ApJ...812L..18B},
      adsnote = {Provided by the SAO/NASA Astrophysics Data System}
}

@INPROCEEDINGS{Sokov2017,
       author = {{Sokov}, E.~N. and {Sokova}, I.~A. and {Dyachenko}, V.~V. and
        {Rastegaev}, D.~A. and {Rusov}, S.~A.},
        title = "{Detected Timing for Exoplanet TrES-5b. Possible Existence of Exoplanet
        TrES-5c}",
    booktitle = {Stars: From Collapse to Collapse},
         year = 2017,
       editor = {{Balega}, Yu. Yu. and {Kudryavtsev}, D.~O. and {Romanyuk}, I.~I. and
        {Yakunin}, I.~A.},
       series = {Astronomical Society of the Pacific Conference Series},
       volume = {510},
        month = Jun,
        pages = {344},
       adsurl = {https://ui.adsabs.harvard.edu/#abs/2017ASPC..510..344S},
      adsnote = {Provided by the SAO/NASA Astrophysics Data System}
}

@ARTICLE{Steffen2016,
       author = {{Steffen}, Jason H.},
        title = "{Sensitivity bias in the mass-radius distribution from transit timing
        variations and radial velocity measurements}",
      journal = {\mnras},
     keywords = {planets and satellites: detection, planets and satellites: fundamental
        parameters, Astrophysics - Earth and Planetary Astrophysics,
        Astrophysics - Instrumentation and Methods for Astrophysics},
         year = 2016,
        month = Apr,
       volume = {457},
        pages = {4384-4392},
          doi = {10.1093/mnras/stw241},
 primaryClass = {astro-ph.EP},
       adsurl = {https://ui.adsabs.harvard.edu/#abs/2016MNRAS.457.4384S},
      adsnote = {Provided by the SAO/NASA Astrophysics Data System}
}

@ARTICLE{Barros2015,
       author = {{Barros}, S.~C.~C. and {Almenara}, J.~M. and {Demangeon}, O. and
        {Tsantaki}, M. and {Santerne}, A. and {Armstrong}, D.~J. and
        {Barrado}, D. and {Brown}, D. and {Deleuil}, M. and {Lillo-Box},
        J. and {Osborn}, H. and {Pollacco}, D. and {Abe}, L. and
        {Andre}, P. and {Bendjoya}, P. and {Boisse}, I. and {Bonomo},
        A.~S. and {Bouchy}, F. and {Bruno}, G. and {Cerda}, J. Rey and
        {Courcol}, B. and {D{\'\i}az}, R.~F. and {H{\'e}brard}, G. and
        {Kirk}, J. and {Lachuri{\'e}}, J.~C. and {Lam}, K.~W.~F. and
        {Martinez}, P. and {McCormac}, J. and {Moutou}, C. and
        {Rajpurohit}, A. and {Rivet}, J. -P. and {Spake}, J. and
        {Suarez}, O. and {Toublanc}, D. and {Walker}, S.~R.},
        title = "{Photodynamical mass determination of the multiplanetary system K2-19}",
      journal = {\mnras},
     keywords = {techniques: photometric, techniques: radial velocities, time, planets
        and satellites: detection, planets and satellites: dynamical
        evolution and stability, planets and satellites: individual:
        EPIC201505350, K2-19, Astrophysics - Earth and Planetary
        Astrophysics},
         year = 2015,
        month = Dec,
       volume = {454},
        pages = {4267-4276},
          doi = {10.1093/mnras/stv2271},
 primaryClass = {astro-ph.EP},
       adsurl = {https://ui.adsabs.harvard.edu/#abs/2015MNRAS.454.4267B},
      adsnote = {Provided by the SAO/NASA Astrophysics Data System}
}

@ARTICLE{Hadden2017,
       author = {{Hadden}, Sam and {Lithwick}, Yoram},
        title = "{Kepler Planet Masses and Eccentricities from TTV Analysis}",
      journal = {\aj},
     keywords = {planets and satellites: detection, Astrophysics - Earth and Planetary
        Astrophysics},
         year = 2017,
        month = Jul,
       volume = {154},
          eid = {5},
        pages = {5},
          doi = {10.3847/1538-3881/aa71ef},
 primaryClass = {astro-ph.EP},
       adsurl = {https://ui.adsabs.harvard.edu/#abs/2017AJ....154....5H},
      adsnote = {Provided by the SAO/NASA Astrophysics Data System}
}

@INPROCEEDINGS{Hoyer2010,
       author = {{Hoyer}, S. and {Rojo}, P. and {L{\'o}pez-Morales}, M.},
        title = "{Search for Exoplanets using TTVs in the Southern Hemisphere}",
    booktitle = {Pathways Towards Habitable Planets},
         year = 2010,
       editor = {{Coud{\'e} du Foresto}, Vincent and {Gelino}, Dawn M. and {Ribas},
        Ignasi},
       series = {Astronomical Society of the Pacific Conference Series},
       volume = {430},
        month = Oct,
        pages = {462},
       adsurl = {https://ui.adsabs.harvard.edu/#abs/2010ASPC..430..462H},
      adsnote = {Provided by the SAO/NASA Astrophysics Data System}
}

@ARTICLE{Pollacco2006,
       author = {{Pollacco}, D.~L. and {Skillen}, I. and {Collier Cameron}, A. and
        {Christian}, D.~J. and {Hellier}, C. and {Irwin}, J. and
        {Lister}, T.~A. and {Street}, R.~A. and {West}, R.~G. and
        {Anderson}, D.~R. and {Clarkson}, W.~I. and {Deeg}, H. and
        {Enoch}, B. and {Evans}, A. and {Fitzsimmons}, A. and {Haswell},
        C.~A. and {Hodgkin}, S. and {Horne}, K. and {Kane}, S.~R. and
        {Keenan}, F.~P. and {Maxted}, P.~F.~L. and {Norton}, A.~J. and
        {Osborne}, J. and {Parley}, N.~R. and {Ryans}, R.~S.~I. and
        {Smalley}, B. and {Wheatley}, P.~J. and {Wilson}, D.~M.},
        title = "{The WASP Project and the SuperWASP Cameras}",
      journal = {Publications of the Astronomical Society of the Pacific},
     keywords = {Instrumentation: Photometers, Stars: Planetary Systems, Techniques:
        Photometric, Astrophysics},
         year = 2006,
        month = Oct,
       volume = {118},
        pages = {1407-1418},
          doi = {10.1086/508556},
archivePrefix = {arXiv},
       eprint = {astro-ph/0608454},
 primaryClass = {astro-ph},
       adsurl = {https://ui.adsabs.harvard.edu/#abs/2006PASP..118.1407P},
      adsnote = {Provided by the SAO/NASA Astrophysics Data System}
}

@ARTICLE{Ballard2018,
       author = {{Ballard}, Sarah},
        title = "{Predicted number, multiplicity, and orbital dynamics of TESS M dwarf exoplanets.}",
      journal = {ArXiv e-prints},
     keywords = {},
         year = 2018,
        month = Jan,
       volume = {arXiv:1801.04949},
          eid = {},
        pages = {},
          doi = {},
archivePrefix = {arXiv},
       eprint = {},
 primaryClass = {astro-ph.EP},
       adsurl = {},
      adsnote = {}
}

@ARTICLE{Hadden2018,
       author = {{Hadden}, Sam and {Barclay}, Thomas and {Payne}, Matthew J. and {Holman}, Matthew},
        title = "{Predicted number, multiplicity, and orbital dynamics of TESS M dwarf exoplanets.}",
      journal = {ArXiv e-prints},
     keywords = {},
         year = 2018,
        month = Nov,
       volume = {arXiv:1811.01970},
          eid = {},
        pages = {},
          doi = {},
archivePrefix = {arXiv},
       eprint = {},
 primaryClass = {astro-ph.EP},
       adsurl = {},
      adsnote = {}
}

@ARTICLE{Xie2014,
       author = {{Xie}, Ji-Wei and {Wu}, Yanqin and {Lithwick}, Yoram},
        title = "{Frequency of Close Companions among Kepler Planets{\textemdash}a Transit
        Time Variation Study}",
      journal = {\apj},
     keywords = {planetary systems, Astrophysics - Earth and Planetary Astrophysics,
        Astrophysics - Solar and Stellar Astrophysics},
         year = 2014,
        month = Jul,
       volume = {789},
          eid = {165},
        pages = {165},
          doi = {10.1088/0004-637X/789/2/165},
archivePrefix = {arXiv},
       eprint = {1308.3751},
 primaryClass = {astro-ph.EP},
       adsurl = {https://ui.adsabs.harvard.edu/#abs/2014ApJ...789..165X},
      adsnote = {Provided by the SAO/NASA Astrophysics Data System}
}

@ARTICLE{Southworth2009,
       author = {{Southworth}, John and {Hinse}, T.~C. and {J{\o}rgensen}, U.~G. and
        {Dominik}, M. and {Ricci}, D. and {Burgdorf}, M.~J. and
        {Hornstrup}, A. and {Wheatley}, P.~J. and {Anguita}, T. and
        {Bozza}, V. and {Novati}, S. Calchi and {Harps{\o}e}, K. and
        {Kj{\ae}rgaard}, P. and {Liebig}, C. and {Mancini}, L. and
        {Masi}, G. and {Mathiasen}, M. and {Rahvar}, S. and {Scarpetta},
        G. and {Snodgrass}, C. and {Surdej}, J. and {Th{\"o}ne}, C.~C.
        and {Zub}, M.},
        title = "{High-precision photometry by telescope defocusing - I. The transiting
        planetary system WASP-5}",
      journal = {\mnras},
     keywords = {methods: data analysis, methods: observational, techniques: photometric,
        binaries: eclipsing, stars: individual: WASP-5, planetary
        systems, Astrophysics - Earth and Planetary Astrophysics,
        Astrophysics - Solar and Stellar Astrophysics},
         year = 2009,
        month = Jun,
       volume = {396},
        pages = {1023-1031},
          doi = {10.1111/j.1365-2966.2009.14767.x},
archivePrefix = {arXiv},
       eprint = {0903.2139},
 primaryClass = {astro-ph.EP},
       adsurl = {https://ui.adsabs.harvard.edu/#abs/2009MNRAS.396.1023S},
      adsnote = {Provided by the SAO/NASA Astrophysics Data System}
}

@ARTICLE{Hoyer2011,
       author = {{Hoyer}, S. and {Rojo}, P. and {L{\'o}pez-Morales}, M. and {D{\'\i}az},
        R.~F. and {Chambers}, J. and {Minniti}, D.},
        title = "{Five New Transit Epochs of the Exoplanet OGLE-TR-111b}",
      journal = {\apj},
     keywords = {planetary systems, stars: individual: OGLE-TR-111b, techniques:
        photometric, Astrophysics - Earth and Planetary Astrophysics},
         year = 2011,
        month = May,
       volume = {733},
          eid = {53},
        pages = {53},
          doi = {10.1088/0004-637X/733/1/53},
archivePrefix = {arXiv},
       eprint = {1102.3470},
 primaryClass = {astro-ph.EP},
       adsurl = {https://ui.adsabs.harvard.edu/#abs/2011ApJ...733...53H},
      adsnote = {Provided by the SAO/NASA Astrophysics Data System}
}

@ARTICLE{Hoyer2012,
       author = {{Hoyer}, S. and {Rojo}, P. and {L{\'o}pez-Morales}, M.},
        title = "{Transit Monitoring in the South (TraMoS) Project: Discarding Transit
        Timing Variations in WASP-5b}",
      journal = {\apj},
     keywords = {planets and satellites: individual: WASP-5b, Astrophysics - Earth and
        Planetary Astrophysics},
         year = 2012,
        month = Mar,
       volume = {748},
          eid = {22},
        pages = {22},
          doi = {10.1088/0004-637X/748/1/22},
archivePrefix = {arXiv},
       eprint = {1201.3616},
 primaryClass = {astro-ph.EP},
       adsurl = {https://ui.adsabs.harvard.edu/#abs/2012ApJ...748...22H},
      adsnote = {Provided by the SAO/NASA Astrophysics Data System}
}

@ARTICLE{Hoyer2013,
       author = {{Hoyer}, S. and {L{\'o}pez-Morales}, M. and {Rojo}, P. and {Nascimbeni},
        V. and {Hidalgo}, S. and {Astudillo-Defru}, N. and {Concha}, F.
        and {Contreras}, Y. and {Servajean}, E. and {Hinse}, T.~C.},
        title = "{TraMoS project - III. Improved physical parameters, timing analysis and
        starspot modelling of the WASP-4b exoplanet system from 38
        transit observations}",
      journal = {\mnras},
     keywords = {methods: data analysis, techniques: photometric, planets and satellites:
        individual: WASP-4b, stars: individual: WASP-4, planetary
        systems, starspots, Astrophysics - Earth and Planetary
        Astrophysics, Astrophysics - Solar and Stellar Astrophysics},
         year = 2013,
        month = Sep,
       volume = {434},
        pages = {46-58},
          doi = {10.1093/mnras/stt962},
archivePrefix = {arXiv},
       eprint = {1306.0489},
 primaryClass = {astro-ph.EP},
       adsurl = {https://ui.adsabs.harvard.edu/#abs/2013MNRAS.434...46H},
      adsnote = {Provided by the SAO/NASA Astrophysics Data System}
}

@ARTICLE{Hoyer2016,
       author = {{Hoyer}, S. and {L{\'o}pez-Morales}, M. and {Rojo}, P. and {Minniti}, D.
        and {Adams}, E.~R.},
        title = "{TraMoS - IV. Discarding the Quick Orbital Decay Hypothesis for OGLE-TR-
        113b}",
      journal = {\mnras},
     keywords = {methods: data analysis, techniques: photometric, ephemerides, time,
        planets and satellites: individual: OGLE-TR-113b, Astrophysics -
        Earth and Planetary Astrophysics},
         year = 2016,
        month = Jan,
       volume = {455},
        pages = {1334-1340},
          doi = {10.1093/mnras/stv2362},
 primaryClass = {astro-ph.EP},
       adsurl = {https://ui.adsabs.harvard.edu/#abs/2016MNRAS.455.1334H},
      adsnote = {Provided by the SAO/NASA Astrophysics Data System}
}

@ARTICLE{Lendl2013,
       author = {{Lendl}, M. and {Gillon}, M. and {Queloz}, D. and {Alonso}, R. and
        {Fumel}, A. and {Jehin}, E. and {Naef}, D.},
        title = "{A photometric study of the hot exoplanet WASP-19b}",
      journal = {\aap},
     keywords = {planetary systems, techniques: photometric, planets and satellites: atmospheres, Astrophysics - Earth and Planetary Astrophysics, Astrophysics - Solar and Stellar Astrophysics},
         year = 2013,
        month = Apr,
       volume = {552},
          eid = {A2},
        pages = {A2},
          doi = {10.1051/0004-6361/201220924},
archivePrefix = {arXiv},
       eprint = {1212.3553},
 primaryClass = {astro-ph.EP},
       adsurl = {https://ui.adsabs.harvard.edu/\#abs/2013A&A...552A...2L},
      adsnote = {Provided by the SAO/NASA Astrophysics Data System}
}

@ARTICLE{Shporer2018,
       author = {{Shporer}, Avi and {Wong}, Ian and {Huang}, Chelsea X. and {Line},
        Michael R. and {Stassun}, Keivan G. and {Fetherolf}, Tara and
        {Kane}, Stephen and {Ricker}, George R. and {Latham}, David W.
        and {Seager}, Sara and {Winn}, Joshua N. and {Jenkins}, Jon M.
        and {Glidden}, Ana and {Berta-Thompson}, Zach and {Ting}, Eric
        B. and {Li}, Jie and {Haworth}, Kari},
        title = "{TESS full orbital phase curve of the WASP-18b system}",
      journal = {arXiv e-prints},
     keywords = {Astrophysics - Earth and Planetary Astrophysics, Astrophysics - Solar and Stellar Astrophysics},
         year = 2018,
        month = Nov,
          eid = {arXiv:1811.06020},
        pages = {arXiv:1811.06020},
archivePrefix = {arXiv},
       eprint = {1811.06020},
 primaryClass = {astro-ph.EP},
       adsurl = {https://ui.adsabs.harvard.edu/\#abs/2018arXiv181106020S},
      adsnote = {Provided by the SAO/NASA Astrophysics Data System}
}

@ARTICLE{Triaud2010,
       author = {{Triaud}, A.~H.~M.~J. and {Collier Cameron}, A. and {Queloz}, D. and
        {Anderson}, D.~R. and {Gillon}, M. and {Hebb}, L. and {Hellier},
        C. and {Loeillet}, B. and {Maxted}, P.~F.~L. and {Mayor}, M. and
        {Pepe}, F. and {Pollacco}, D. and {S{\'e}gransan}, D. and
        {Smalley}, B. and {Udry}, S. and {West}, R.~G. and {Wheatley},
        P.~J.},
        title = "{Spin-orbit angle measurements for six southern transiting planets. New insights into the dynamical origins of hot Jupiters}",
      journal = {\aap},
     keywords = {binaries: eclipsing, stars: general, techniques: spectroscopic, Astrophysics - Earth and Planetary Astrophysics},
         year = 2010,
        month = Dec,
       volume = {524},
          eid = {A25},
        pages = {A25},
          doi = {10.1051/0004-6361/201014525},
archivePrefix = {arXiv},
       eprint = {1008.2353},
 primaryClass = {astro-ph.EP},
       adsurl = {https://ui.adsabs.harvard.edu/\#abs/2010A&A...524A..25T},
      adsnote = {Provided by the SAO/NASA Astrophysics Data System}
}

@ARTICLE{Anderson2010,
       author = {{Anderson}, D.~R. and {Gillon}, M. and {Maxted}, P.~F.~L. and {Barman},
        T.~S. and {Collier Cameron}, A. and {Hellier}, C. and {Queloz},
        D. and {Smalley}, B. and {Triaud}, A.~H.~M.~J.},
        title = "{H-band thermal emission from the 19-h period planet WASP-19b}",
      journal = {\aap},
     keywords = {planets and satellites: atmospheres, planetary systems, stars: individual: WASP-19b, techniques: photometric, Astrophysics - Earth and Planetary Astrophysics},
         year = 2010,
        month = Apr,
       volume = {513},
          eid = {L3},
        pages = {L3},
          doi = {10.1051/0004-6361/201014226},
archivePrefix = {arXiv},
       eprint = {1002.1947},
 primaryClass = {astro-ph.EP},
       adsurl = {https://ui.adsabs.harvard.edu/\#abs/2010A&A...513L...3A},
      adsnote = {Provided by the SAO/NASA Astrophysics Data System}
}

@ARTICLE{Tregloan2013,
       author = {{Tregloan-Reed}, Jeremy and {Southworth}, John and {Tappert}, C.},
        title = "{Transits and starspots in the WASP-19 planetary system}",
      journal = {\mnras},
     keywords = {stars: fundamental parameters, stars: individual: WASP-19, planetary systems, starspots, Astrophysics - Earth and Planetary Astrophysics, Astrophysics - Solar and Stellar Astrophysics},
         year = 2013,
        month = Feb,
       volume = {428},
        pages = {3671-3679},
          doi = {10.1093/mnras/sts306},
archivePrefix = {arXiv},
       eprint = {1211.0864},
 primaryClass = {astro-ph.EP},
       adsurl = {https://ui.adsabs.harvard.edu/\#abs/2013MNRAS.428.3671T},
      adsnote = {Provided by the SAO/NASA Astrophysics Data System}
}


@ARTICLE{Bean2013,
       author = {{Bean}, Jacob L. and {D{\'e}sert}, Jean-Michel and {Seifahrt}, Andreas
        and {Madhusudhan}, Nikku and {Chilingarian}, Igor and {Homeier},
        Derek and {Szentgyorgyi}, Andrew},
        title = "{Ground-based Transit Spectroscopy of the Hot-Jupiter WASP-19b in the Near-infrared}",
      journal = {\apj},
     keywords = {planets and satellites: atmospheres, planets and satellites: individual: WASP-19b, techniques: photometric, Astrophysics - Earth and Planetary Astrophysics},
         year = 2013,
        month = Jul,
       volume = {771},
          eid = {108},
        pages = {108},
          doi = {10.1088/0004-637X/771/2/108},
archivePrefix = {arXiv},
       eprint = {1303.1094},
 primaryClass = {astro-ph.EP},
       adsurl = {https://ui.adsabs.harvard.edu/\#abs/2013ApJ...771..108B},
      adsnote = {Provided by the SAO/NASA Astrophysics Data System}
}


@ARTICLE{Mancini2013,
       author = {{Mancini}, L. and {Ciceri}, S. and {Chen}, G. and {Tregloan-Reed}, J.
        and {Fortney}, J.~J. and {Southworth}, J. and {Tan}, T.~G. and
        {Burgdorf}, M. and {Calchi Novati}, S. and {Dominik}, M. and
        {Fang}, X. -S. and {Finet}, F. and {Gerner}, T. and {Hardis}, S.
        and {Hinse}, T.~C. and {J{\o}rgensen}, U.~G. and {Liebig}, C.
        and {Nikolov}, N. and {Ricci}, D. and {Sch{\"a}fer}, S. and
        {Sch{\"o}nebeck}, F. and {Skottfelt}, J. and {Wertz}, O. and
        {Alsubai}, K.~A. and {Bozza}, V. and {Browne}, P. and {Dodds},
        P. and {Gu}, S. -H. and {Harps{\o}e}, K. and {Henning}, Th. and
        {Hundertmark}, M. and {Jessen-Hansen}, J. and {Kains}, N. and
        {Kerins}, E. and {Kjeldsen}, H. and {Lund}, M.~N. and
        {Lundkvist}, M. and {Madhusudhan}, N. and {Mathiasen}, M. and
        {Penny}, M.~T. and {Prof}, S. and {Rahvar}, S. and {Sahu}, K.
        and {Scarpetta}, G. and {Snodgrass}, C. and {Surdej}, J.},
        title = "{Physical properties, transmission and emission spectra of the WASP-19 planetary system from multi-colour photometry}",
      journal = {\mnras},
     keywords = {techniques: photometric, stars: fundamental parameters, stars: individual: WASP-19, planetary systems, starspots, Astrophysics - Earth and Planetary Astrophysics},
         year = 2013,
        month = Nov,
       volume = {436},
        pages = {2-18},
          doi = {10.1093/mnras/stt1394},
archivePrefix = {arXiv},
       eprint = {1306.6384},
 primaryClass = {astro-ph.EP},
       adsurl = {https://ui.adsabs.harvard.edu/\#abs/2013MNRAS.436....2M},
      adsnote = {Provided by the SAO/NASA Astrophysics Data System}
}

@ARTICLE{Turner2016,
       author = {{Turner}, Jake D. and {Pearson}, Kyle A. and {Biddle}, Lauren I. and
        {Smart}, Brianna M. and {Zellem}, Robert T. and {Teske}, Johanna
        K. and {Hardegree-Ullman}, Kevin K. and {Griffith}, Caitlin C.
        and {Leiter}, Robin M. and {Cates}, Ian T. and {Nieberding},
        Megan N. and {Smith}, Carter-Thaxton W. and {Thompson}, Robert
        M. and {Hofmann}, Ryan and {Berube}, Michael P. and {Nguyen},
        Chi H. and {Small}, Lindsay C. and {Guvenen}, Blythe C. and
        {Richardson}, Logan and {McGraw}, Allison and {Raphael}, Brandon
        and {Crawford}, Benjamin E. and {Robertson}, Amy N. and
        {Tombleson}, Ryan and {Carleton}, Timothy M. and {Towner},
        Allison P.~M. and {Walker-LaFollette}, Amanda M. and {Hume},
        Jeffrey R. and {Watson}, Zachary T. and {Jones}, Christen K. and
        {Lichtenberger}, Matthew J. and {Hoglund}, Shelby R. and {Cook},
        Kendall L. and {Crossen}, Cory A. and {Jorgensen}, Curtis R. and
        {Romine}, James M. and {Thompson}, Alejandro R. and {Villegas},
        Christian F. and {Wilson}, Ashley A. and {Sanford}, Brent and
        {Taylor}, Joanna M. and {Henz}, Triana N.},
        title = "{Ground-based near-UV observations of 15 transiting exoplanets: constraints on their atmospheres and no evidence for asymmetrical transits}",
      journal = {\mnras},
     keywords = {Astrophysics - Earth and Planetary Astrophysics},
         year = 2016,
        month = Jun,
       volume = {459},
        pages = {789-819},
          doi = {10.1093/mnras/stw574},
archivePrefix = {arXiv},
       eprint = {1603.02587},
 primaryClass = {astro-ph.EP},
       adsurl = {https://ui.adsabs.harvard.edu/\#abs/2016MNRAS.459..789T},
      adsnote = {Provided by the SAO/NASA Astrophysics Data System}
}

@ARTICLE{Sedaghati2015,
       author = {{Sedaghati}, E. and {Boffin}, H.~M.~J. and {Csizmadia}, Sz. and
        {Gibson}, N. and {Kabath}, P. and {Mallonn}, M. and {Van den
        Ancker}, M.~E.},
        title = "{Regaining the FORS: optical ground-based transmission spectroscopy of the exoplanet WASP-19b with VLT+FORS2}",
      journal = {\aap},
     keywords = {planets and satellites: atmospheres, techniques: spectroscopic, instrumentation: spectrographs, stars: individual: WASP-19, Astrophysics - Earth and Planetary Astrophysics, Astrophysics - Instrumentation and Methods for Astrophysics},
         year = 2015,
        month = Apr,
       volume = {576},
          eid = {L11},
        pages = {L11},
          doi = {10.1051/0004-6361/201525822},
archivePrefix = {arXiv},
       eprint = {1503.04155},
 primaryClass = {astro-ph.EP},
       adsurl = {https://ui.adsabs.harvard.edu/\#abs/2015A&A...576L..11S},
      adsnote = {Provided by the SAO/NASA Astrophysics Data System}
}

@ARTICLE{Patra2017,
       author = {{Patra}, Kishore C. and {Winn}, Joshua N. and {Holman}, Matthew J. and
        {Yu}, Liang and {Deming}, Drake and {Dai}, Fei},
        title = "{The Apparently Decaying Orbit of WASP-12b}",
      journal = {\aj},
     keywords = {planet{\^a}star interactions, planets and satellites: individual: WASP-12 b, Astrophysics - Earth and Planetary Astrophysics},
         year = 2017,
        month = Jul,
       volume = {154},
          eid = {4},
        pages = {4},
          doi = {10.3847/1538-3881/aa6d75},
archivePrefix = {arXiv},
       eprint = {1703.06582},
 primaryClass = {astro-ph.EP},
       adsurl = {https://ui.adsabs.harvard.edu/\#abs/2017AJ....154....4P},
      adsnote = {Provided by the SAO/NASA Astrophysics Data System}
}

@ARTICLE{Neveu2016,
       author = {{Neveu-VanMalle}, M. and {Queloz}, D. and {Anderson}, D.~R. and {Brown},
        D.~J.~A. and {Collier Cameron}, A. and {Delrez}, L. and
        {D{\'\i}az}, R.~F. and {Gillon}, M. and {Hellier}, C. and
        {Jehin}, E. and {Lister}, T. and {Pepe}, F. and {Rojo}, P. and
        {S{\'e}gransan}, D. and {Triaud}, A.~H.~M.~J. and {Turner},
        O.~D. and {Udry}, S.},
        title = "{Hot Jupiters with relatives: discovery of additional planets in orbit around WASP-41 and WASP-47}",
      journal = {\aap},
     keywords = {stars: individual: WASP-47, stars: individual: WASP-41, techniques: photometric, techniques: radial velocities, techniques: spectroscopic, planetary systems, Astrophysics - Earth and Planetary Astrophysics},
         year = 2016,
        month = Feb,
       volume = {586},
          eid = {A93},
        pages = {A93},
          doi = {10.1051/0004-6361/201526965},
archivePrefix = {arXiv},
       eprint = {1509.07750},
 primaryClass = {astro-ph.EP},
       adsurl = {https://ui.adsabs.harvard.edu/\#abs/2016A&A...586A..93N},
      adsnote = {Provided by the SAO/NASA Astrophysics Data System}
}

@ARTICLE{Canas2019,
       author = {{Ca{\~n}as}, Caleb I. and {Wang}, Songhu and {Mahadevan}, Suvrath and
        {Bender}, Chad F. and {De Lee}, Nathan and {Fleming}, Scott W.
        and {Garc{\'\i}a-Hern{\'a}ndez}, D.~A. and {Hearty}, Fred R. and
        {Majewski}, Steven R. and {Roman-Lopes}, Alexandre and
        {Schneider}, Donald P. and {Stassun}, Keivan G.},
        title = "{Kepler-730: A Hot Jupiter System with a Close-in, Transiting, Earth-sized Planet}",
      journal = {\apj},
     keywords = {methods: statistical, planetary systems, techniques: photometric, techniques: spectroscopic, Astrophysics - Earth and Planetary Astrophysics},
         year = 2019,
        month = Jan,
       volume = {870},
          eid = {L17},
        pages = {L17},
          doi = {10.3847/2041-8213/aafa1e},
archivePrefix = {arXiv},
       eprint = {1812.08358},
 primaryClass = {astro-ph.EP},
       adsurl = {https://ui.adsabs.harvard.edu/\#abs/2019ApJ...870L..17C},
      adsnote = {Provided by the SAO/NASA Astrophysics Data System}
}

@ARTICLE{Mancini2016b,
       author = {{Mancini}, L. and {Giordano}, M. and {Molli{\`e}re}, P. and
        {Southworth}, J. and {Brahm}, R. and {Ciceri}, S. and {Henning},
        Th.},
        title = "{An optical transmission spectrum of the transiting hot Jupiter in the metal-poor WASP-98 planetary system}",
      journal = {\mnras},
     keywords = {techniques: photometric, techniques: spectroscopic, stars: fundamental parameters, stars: individual: WASP-98, planetary systems, Astrophysics - Earth and Planetary Astrophysics},
         year = 2016,
        month = Sep,
       volume = {461},
        pages = {1053-1061},
          doi = {10.1093/mnras/stw1386},
archivePrefix = {arXiv},
       eprint = {1606.00432},
 primaryClass = {astro-ph.EP},
       adsurl = {https://ui.adsabs.harvard.edu/\#abs/2016MNRAS.461.1053M},
      adsnote = {Provided by the SAO/NASA Astrophysics Data System}
}

@ARTICLE{Nutzman2011,
       author = {{Nutzman}, Philip A. and {Fabrycky}, Daniel C. and {Fortney}, Jonathan
        J.},
        title = "{Using Star Spots to Measure the Spin-orbit Alignment of Transiting Planets}",
      journal = {\apj},
     keywords = {planets and satellites: general, stars: individual: CoRoT-2, starspots, techniques: photometric, Astrophysics - Earth and Planetary Astrophysics},
         year = 2011,
        month = Oct,
       volume = {740},
          eid = {L10},
        pages = {L10},
          doi = {10.1088/2041-8205/740/1/L10},
archivePrefix = {arXiv},
       eprint = {1107.2106},
 primaryClass = {astro-ph.EP},
       adsurl = {https://ui.adsabs.harvard.edu/\#abs/2011ApJ...740L..10N},
      adsnote = {Provided by the SAO/NASA Astrophysics Data System}
}

@ARTICLE{Sanchis2011,
       author = {{Sanchis-Ojeda}, Roberto and {Winn}, Joshua N.},
        title = "{Starspots, Spin-Orbit Misalignment, and Active Latitudes in the HAT-P-11 Exoplanetary System}",
      journal = {\apj},
     keywords = {planetary systems, stars: activity, stars: individual: HAT-P-11, stars: rotation, starspots, Astrophysics - Earth and Planetary Astrophysics},
         year = 2011,
        month = Dec,
       volume = {743},
          eid = {61},
        pages = {61},
          doi = {10.1088/0004-637X/743/1/61},
archivePrefix = {arXiv},
       eprint = {1107.2920},
 primaryClass = {astro-ph.EP},
       adsurl = {https://ui.adsabs.harvard.edu/\#abs/2011ApJ...743...61S},
      adsnote = {Provided by the SAO/NASA Astrophysics Data System}
}

@ARTICLE{Sanchis2013,
       author = {{Sanchis-Ojeda}, R. and {Winn}, J.~N. and {Fabrycky}, D.~C.},
        title = "{Starspots and spin-orbit alignment for Kepler cool host stars}",
      journal = {Astronomische Nachrichten},
     keywords = {planetary systems, starspots, techniques: photometric, Astrophysics - Earth and Planetary Astrophysics},
         year = 2013,
        month = Feb,
       volume = {334},
        pages = {180-183},
          doi = {10.1002/asna.201211765},
archivePrefix = {arXiv},
       eprint = {1211.2002},
 primaryClass = {astro-ph.EP},
       adsurl = {https://ui.adsabs.harvard.edu/\#abs/2013AN....334..180S},
      adsnote = {Provided by the SAO/NASA Astrophysics Data System}
}

@ARTICLE{Mackebrandt2017,
       author = {{Mackebrandt}, F. and {Mallonn}, M. and {Ohlert}, J.~M. and {Granzer},
        T. and {Lalitha}, S. and {Garc{\'\i}a Mu{\~n}oz}, A. and
        {Gibson}, N.~P. and {Lee}, J.~W. and {Sozzetti}, A. and
        {Turner}, J.~D. and {Va{\v{n}}ko}, M. and {Strassmeier}, K.~G.},
        title = "{Transmission spectroscopy of the hot Jupiter TrES-3 b: Disproof of an overly large Rayleigh-like feature}",
      journal = {\aap},
     keywords = {planets and satellites: atmospheres, stars: individual: TrES-3, methods: data analysis, techniques: spectroscopic, techniques: photometric, Astrophysics - Earth and Planetary Astrophysics},
         year = 2017,
        month = Dec,
       volume = {608},
          eid = {A26},
        pages = {A26},
          doi = {10.1051/0004-6361/201730512},
archivePrefix = {arXiv},
       eprint = {1709.06124},
 primaryClass = {astro-ph.EP},
       adsurl = {https://ui.adsabs.harvard.edu/\#abs/2017A&A...608A..26M},
      adsnote = {Provided by the SAO/NASA Astrophysics Data System}
}

@ARTICLE{Szabo2013,
       author = {{Szab{\'o}}, R. and {Szab{\'o}}, Gy. M. and {D{\'a}lya}, G. and {Simon},
        A.~E. and {Hodos{\'a}n}, G. and {Kiss}, L.~L.},
        title = "{Multiple planets or exomoons in Kepler hot Jupiter systems with transit timing variations?}",
      journal = {\aap},
     keywords = {planetary systems, binaries: eclipsing, techniques: photometric, Astrophysics - Earth and Planetary Astrophysics},
         year = 2013,
        month = May,
       volume = {553},
          eid = {A17},
        pages = {A17},
          doi = {10.1051/0004-6361/201220132},
archivePrefix = {arXiv},
       eprint = {1207.7229},
 primaryClass = {astro-ph.EP},
       adsurl = {https://ui.adsabs.harvard.edu/\#abs/2013A&A...553A..17S},
      adsnote = {Provided by the SAO/NASA Astrophysics Data System}
}

@ARTICLE{Pal2011,
       author = {{P{\'a}l}, Andr{\'a}s and {S{\'a}rneczky}, Kriszti{\'a}n and
        {Szab{\'o}}, Gyula M. and {Szing}, Attila and {Kiss},
        L{\'a}szl{\'o} L. and {Mez{\'{o}}}, Gy{\"o}rgy and {Reg{\'a}ly},
        Zsolt},
        title = "{Transit timing variations in the HAT-P-13 planetary system}",
      journal = {\mnras},
     keywords = {techniques: photometric, stars: individual: HAT-P-13, planetary systems, Astrophysics - Earth and Planetary Astrophysics},
         year = 2011,
        month = May,
       volume = {413},
        pages = {L43-L46},
          doi = {10.1111/j.1745-3933.2011.01029.x},
archivePrefix = {arXiv},
       eprint = {1102.0525},
 primaryClass = {astro-ph.EP},
       adsurl = {https://ui.adsabs.harvard.edu/\#abs/2011MNRAS.413L..43P},
      adsnote = {Provided by the SAO/NASA Astrophysics Data System}
}

@ARTICLE{Ricker2014,
       author = {{Ricker}, G.~R.},
        title = "{The Transiting Exoplanet Survey Satellite Mission}",
      journal = {Journal of the American Association of Variable Star Observers (JAAVSO)},
         year = 2014,
        month = Jun,
       volume = {42},
        pages = {234},
       adsurl = {https://ui.adsabs.harvard.edu/\#abs/2014JAVSO..42..234R},
      adsnote = {Provided by the SAO/NASA Astrophysics Data System}
}

@ARTICLE{Gaia,
       author = {{Gaia Collaboration} and {Prusti}, T. and {de Bruijne}, J.~H.~J. and
        {Brown}, A.~G.~A. and {Vallenari}, A. and {Babusiaux}, C. and
        {Bailer-Jones}, C.~A.~L. and {Bastian}, U. and {Biermann}, M.
        and {Evans}, D.~W. and {Eyer}, L. and {Jansen}, F. and {Jordi},
        C. and {Klioner}, S.~A. and {Lammers}, U. and {Lindegren}, L.
        and {Luri}, X. and {Mignard}, F. and {Milligan}, D.~J. and
        {Panem}, C. and {Poinsignon}, V. and {Pourbaix}, D. and
        {Randich}, S. and {Sarri}, G. and {Sartoretti}, P. and
        {Siddiqui}, H.~I. and {Soubiran}, C. and {Valette}, V. and {van
        Leeuwen}, F. and {Walton}, N.~A. and {Aerts}, C. and {Arenou},
        F. and {Cropper}, M. and {Drimmel}, R. and {H{\o}g}, E. and
        {Katz}, D. and {Lattanzi}, M.~G. and {O'Mullane}, W. and
        {Grebel}, E.~K. and {Holland}, A.~D. and {Huc}, C. and {Passot},
        X. and {Bramante}, L. and {Cacciari}, C. and {Casta{\~n}eda}, J.
        and {Chaoul}, L. and {Cheek}, N. and {De Angeli}, F. and
        {Fabricius}, C. and {Guerra}, R. and {Hern{\'a}ndez}, J. and
        {Jean-Antoine-Piccolo}, A. and {Masana}, E. and {Messineo}, R.
        and {Mowlavi}, N. and {Nienartowicz}, K. and {Ord{\'o}{\~n}ez-
        Blanco}, D. and {Panuzzo}, P. and {Portell}, J. and {Richards},
        P.~J. and {Riello}, M. and {Seabroke}, G.~M. and {Tanga}, P. and
        {Th{\'e}venin}, F. and {Torra}, J. and {Els}, S.~G. and {Gracia-
        Abril}, G. and {Comoretto}, G. and {Garcia-Reinaldos}, M. and
        {Lock}, T. and {Mercier}, E. and {Altmann}, M. and {Andrae}, R.
        and {Astraatmadja}, T.~L. and {Bellas-Velidis}, I. and {Benson},
        K. and {Berthier}, J. and {Blomme}, R. and {Busso}, G. and
        {Carry}, B. and {Cellino}, A. and {Clementini}, G. and {Cowell},
        S. and {Creevey}, O. and {Cuypers}, J. and {Davidson}, M. and
        {De Ridder}, J. and {de Torres}, A. and {Delchambre}, L. and
        {Dell'Oro}, A. and {Ducourant}, C. and {Fr{\'e}mat}, Y. and
        {Garc{\'\i}a-Torres}, M. and {Gosset}, E. and {Halbwachs}, J.
        -L. and {Hambly}, N.~C. and {Harrison}, D.~L. and {Hauser}, M.
        and {Hestroffer}, D. and {Hodgkin}, S.~T. and {Huckle}, H.~E.
        and {Hutton}, A. and {Jasniewicz}, G. and {Jordan}, S. and
        {Kontizas}, M. and {Korn}, A.~J. and {Lanzafame}, A.~C. and
        {Manteiga}, M. and {Moitinho}, A. and {Muinonen}, K. and
        {Osinde}, J. and {Pancino}, E. and {Pauwels}, T. and {Petit}, J.
        -M. and {Recio-Blanco}, A. and {Robin}, A.~C. and {Sarro}, L.~M.
        and {Siopis}, C. and {Smith}, M. and {Smith}, K.~W. and
        {Sozzetti}, A. and {Thuillot}, W. and {van Reeven}, W. and
        {Viala}, Y. and {Abbas}, U. and {Abreu Aramburu}, A. and
        {Accart}, S. and {Aguado}, J.~J. and {Allan}, P.~M. and
        {Allasia}, W. and {Altavilla}, G. and {{\'A}lvarez}, M.~A. and
        {Alves}, J. and {Anderson}, R.~I. and {Andrei}, A.~H. and
        {Anglada Varela}, E. and {Antiche}, E. and {Antoja}, T. and
        {Ant{\'o}n}, S. and {Arcay}, B. and {Atzei}, A. and {Ayache}, L.
        and {Bach}, N. and {Baker}, S.~G. and {Balaguer-N{\'u}{\~n}ez},
        L. and {Barache}, C. and {Barata}, C. and {Barbier}, A. and
        {Barblan}, F. and {Baroni}, M. and {Barrado y Navascu{\'e}s}, D.
        and {Barros}, M. and {Barstow}, M.~A. and {Becciani}, U. and
        {Bellazzini}, M. and {Bellei}, G. and {Bello Garc{\'\i}a}, A.
        and {Belokurov}, V. and {Bendjoya}, P. and {Berihuete}, A. and
        {Bianchi}, L. and {Bienaym{\'e}}, O. and {Billebaud}, F. and
        {Blagorodnova}, N. and {Blanco-Cuaresma}, S. and {Boch}, T. and
        {Bombrun}, A. and {Borrachero}, R. and {Bouquillon}, S. and
        {Bourda}, G. and {Bouy}, H. and {Bragaglia}, A. and {Breddels},
        M.~A. and {Brouillet}, N. and {Br{\"u}semeister}, T. and
        {Bucciarelli}, B. and {Budnik}, F. and {Burgess}, P. and
        {Burgon}, R. and {Burlacu}, A. and {Busonero}, D. and {Buzzi},
        R. and {Caffau}, E. and {Cambras}, J. and {Campbell}, H. and
        {Cancelliere}, R. and {Cantat-Gaudin}, T. and {Carlucci}, T. and
        {Carrasco}, J.~M. and {Castellani}, M. and {Charlot}, P. and
        {Charnas}, J. and {Charvet}, P. and {Chassat}, F. and
        {Chiavassa}, A. and {Clotet}, M. and {Cocozza}, G. and
        {Collins}, R.~S. and {Collins}, P. and {Costigan}, G. and
        {Crifo}, F. and {Cross}, N.~J.~G. and {Crosta}, M. and
        {Crowley}, C. and {Dafonte}, C. and {Damerdji}, Y. and
        {Dapergolas}, A. and {David}, P. and {David}, M. and {De Cat},
        P. and {de Felice}, F. and {de Laverny}, P. and {De Luise}, F.
        and {De March}, R. and {de Martino}, D. and {de Souza}, R. and
        {Debosscher}, J. and {del Pozo}, E. and {Delbo}, M. and
        {Delgado}, A. and {Delgado}, H.~E. and {di Marco}, F. and {Di
        Matteo}, P. and {Diakite}, S. and {Distefano}, E. and {Dolding},
        C. and {Dos Anjos}, S. and {Drazinos}, P. and {Dur{\'a}n}, J.
        and {Dzigan}, Y. and {Ecale}, E. and {Edvardsson}, B. and
        {Enke}, H. and {Erdmann}, M. and {Escolar}, D. and {Espina}, M.
        and {Evans}, N.~W. and {Eynard Bontemps}, G. and {Fabre}, C. and
        {Fabrizio}, M. and {Faigler}, S. and {Falc{\~a}o}, A.~J. and
        {Farr{\`a}s Casas}, M. and {Faye}, F. and {Federici}, L. and
        {Fedorets}, G. and {Fern{\'a}ndez-Hern{\'a}ndez}, J. and
        {Fernique}, P. and {Fienga}, A. and {Figueras}, F. and
        {Filippi}, F. and {Findeisen}, K. and {Fonti}, A. and
        {Fouesneau}, M. and {Fraile}, E. and {Fraser}, M. and {Fuchs},
        J. and {Furnell}, R. and {Gai}, M. and {Galleti}, S. and
        {Galluccio}, L. and {Garabato}, D. and {Garc{\'\i}a-Sedano}, F.
        and {Gar{\'e}}, P. and {Garofalo}, A. and {Garralda}, N. and
        {Gavras}, P. and {Gerssen}, J. and {Geyer}, R. and {Gilmore}, G.
        and {Girona}, S. and {Giuffrida}, G. and {Gomes}, M. and
        {Gonz{\'a}lez-Marcos}, A. and {Gonz{\'a}lez-N{\'u}{\~n}ez}, J.
        and {Gonz{\'a}lez-Vidal}, J.~J. and {Granvik}, M. and
        {Guerrier}, A. and {Guillout}, P. and {Guiraud}, J. and
        {G{\'u}rpide}, A. and {Guti{\'e}rrez-S{\'a}nchez}, R. and {Guy},
        L.~P. and {Haigron}, R. and {Hatzidimitriou}, D. and {Haywood},
        M. and {Heiter}, U. and {Helmi}, A. and {Hobbs}, D. and
        {Hofmann}, W. and {Holl}, B. and {Holland}, G. and {Hunt},
        J.~A.~S. and {Hypki}, A. and {Icardi}, V. and {Irwin}, M. and
        {Jevardat de Fombelle}, G. and {Jofr{\'e}}, P. and {Jonker},
        P.~G. and {Jorissen}, A. and {Julbe}, F. and {Karampelas}, A.
        and {Kochoska}, A. and {Kohley}, R. and {Kolenberg}, K. and
        {Kontizas}, E. and {Koposov}, S.~E. and {Kordopatis}, G. and
        {Koubsky}, P. and {Kowalczyk}, A. and {Krone-Martins}, A. and
        {Kudryashova}, M. and {Kull}, I. and {Bachchan}, R.~K. and
        {Lacoste-Seris}, F. and {Lanza}, A.~F. and {Lavigne}, J. -B. and
        {Le Poncin-Lafitte}, C. and {Lebreton}, Y. and {Lebzelter}, T.
        and {Leccia}, S. and {Leclerc}, N. and {Lecoeur-Taibi}, I. and
        {Lemaitre}, V. and {Lenhardt}, H. and {Leroux}, F. and {Liao},
        S. and {Licata}, E. and {Lindstr{\o}m}, H.~E.~P. and {Lister},
        T.~A. and {Livanou}, E. and {Lobel}, A. and {L{\"o}ffler}, W.
        and {L{\'o}pez}, M. and {Lopez-Lozano}, A. and {Lorenz}, D. and
        {Loureiro}, T. and {MacDonald}, I. and {Magalh{\~a}es
        Fernandes}, T. and {Managau}, S. and {Mann}, R.~G. and
        {Mantelet}, G. and {Marchal}, O. and {Marchant}, J.~M. and
        {Marconi}, M. and {Marie}, J. and {Marinoni}, S. and {Marrese},
        P.~M. and {Marschalk{\'o}}, G. and {Marshall}, D.~J. and
        {Mart{\'\i}n-Fleitas}, J.~M. and {Martino}, M. and {Mary}, N.
        and {Matijevi{\v{c}}}, G. and {Mazeh}, T. and {McMillan}, P.~J.
        and {Messina}, S. and {Mestre}, A. and {Michalik}, D. and
        {Millar}, N.~R. and {Miranda}, B.~M.~H. and {Molina}, D. and
        {Molinaro}, R. and {Molinaro}, M. and {Moln{\'a}r}, L. and
        {Moniez}, M. and {Montegriffo}, P. and {Monteiro}, D. and {Mor},
        R. and {Mora}, A. and {Morbidelli}, R. and {Morel}, T. and
        {Morgenthaler}, S. and {Morley}, T. and {Morris}, D. and
        {Mulone}, A.~F. and {Muraveva}, T. and {Musella}, I. and
        {Narbonne}, J. and {Nelemans}, G. and {Nicastro}, L. and
        {Noval}, L. and {Ord{\'e}novic}, C. and {Ordieres-Mer{\'e}}, J.
        and {Osborne}, P. and {Pagani}, C. and {Pagano}, I. and
        {Pailler}, F. and {Palacin}, H. and {Palaversa}, L. and
        {Parsons}, P. and {Paulsen}, T. and {Pecoraro}, M. and
        {Pedrosa}, R. and {Pentik{\"a}inen}, H. and {Pereira}, J. and
        {Pichon}, B. and {Piersimoni}, A.~M. and {Pineau}, F. -X. and
        {Plachy}, E. and {Plum}, G. and {Poujoulet}, E. and
        {Pr{\v{s}}a}, A. and {Pulone}, L. and {Ragaini}, S. and {Rago},
        S. and {Rambaux}, N. and {Ramos-Lerate}, M. and {Ranalli}, P.
        and {Rauw}, G. and {Read}, A. and {Regibo}, S. and {Renk}, F.
        and {Reyl{\'e}}, C. and {Ribeiro}, R.~A. and {Rimoldini}, L. and
        {Ripepi}, V. and {Riva}, A. and {Rixon}, G. and {Roelens}, M.
        and {Romero-G{\'o}mez}, M. and {Rowell}, N. and {Royer}, F. and
        {Rudolph}, A. and {Ruiz-Dern}, L. and {Sadowski}, G. and
        {Sagrist{\`a} Sell{\'e}s}, T. and {Sahlmann}, J. and {Salgado},
        J. and {Salguero}, E. and {Sarasso}, M. and {Savietto}, H. and
        {Schnorhk}, A. and {Schultheis}, M. and {Sciacca}, E. and
        {Segol}, M. and {Segovia}, J.~C. and {Segransan}, D. and
        {Serpell}, E. and {Shih}, I. -C. and {Smareglia}, R. and
        {Smart}, R.~L. and {Smith}, C. and {Solano}, E. and {Solitro},
        F. and {Sordo}, R. and {Soria Nieto}, S. and {Souchay}, J. and
        {Spagna}, A. and {Spoto}, F. and {Stampa}, U. and {Steele},
        I.~A. and {Steidelm{\"u}ller}, H. and {Stephenson}, C.~A. and
        {Stoev}, H. and {Suess}, F.~F. and {S{\"u}veges}, M. and
        {Surdej}, J. and {Szabados}, L. and {Szegedi-Elek}, E. and
        {Tapiador}, D. and {Taris}, F. and {Tauran}, G. and {Taylor},
        M.~B. and {Teixeira}, R. and {Terrett}, D. and {Tingley}, B. and
        {Trager}, S.~C. and {Turon}, C. and {Ulla}, A. and {Utrilla}, E.
        and {Valentini}, G. and {van Elteren}, A. and {Van Hemelryck},
        E. and {van Leeuwen}, M. and {Varadi}, M. and {Vecchiato}, A.
        and {Veljanoski}, J. and {Via}, T. and {Vicente}, D. and {Vogt},
        S. and {Voss}, H. and {Votruba}, V. and {Voutsinas}, S. and
        {Walmsley}, G. and {Weiler}, M. and {Weingrill}, K. and
        {Werner}, D. and {Wevers}, T. and {Whitehead}, G. and
        {Wyrzykowski}, {\L}. and {Yoldas}, A. and {{\v{Z}}erjal}, M. and
        {Zucker}, S. and {Zurbach}, C. and {Zwitter}, T. and {Alecu}, A.
        and {Allen}, M. and {Allende Prieto}, C. and {Amorim}, A. and
        {Anglada-Escud{\'e}}, G. and {Arsenijevic}, V. and {Azaz}, S.
        and {Balm}, P. and {Beck}, M. and {Bernstein}, H. -H. and
        {Bigot}, L. and {Bijaoui}, A. and {Blasco}, C. and {Bonfigli},
        M. and {Bono}, G. and {Boudreault}, S. and {Bressan}, A. and
        {Brown}, S. and {Brunet}, P. -M. and {Bunclark}, P. and
        {Buonanno}, R. and {Butkevich}, A.~G. and {Carret}, C. and
        {Carrion}, C. and {Chemin}, L. and {Ch{\'e}reau}, F. and
        {Corcione}, L. and {Darmigny}, E. and {de Boer}, K.~S. and {de
        Teodoro}, P. and {de Zeeuw}, P.~T. and {Delle Luche}, C. and
        {Domingues}, C.~D. and {Dubath}, P. and {Fodor}, F. and
        {Fr{\'e}zouls}, B. and {Fries}, A. and {Fustes}, D. and {Fyfe},
        D. and {Gallardo}, E. and {Gallegos}, J. and {Gardiol}, D. and
        {Gebran}, M. and {Gomboc}, A. and {G{\'o}mez}, A. and {Grux}, E.
        and {Gueguen}, A. and {Heyrovsky}, A. and {Hoar}, J. and
        {Iannicola}, G. and {Isasi Parache}, Y. and {Janotto}, A. -M.
        and {Joliet}, E. and {Jonckheere}, A. and {Keil}, R. and {Kim},
        D. -W. and {Klagyivik}, P. and {Klar}, J. and {Knude}, J. and
        {Kochukhov}, O. and {Kolka}, I. and {Kos}, J. and {Kutka}, A.
        and {Lainey}, V. and {LeBouquin}, D. and {Liu}, C. and
        {Loreggia}, D. and {Makarov}, V.~V. and {Marseille}, M.~G. and
        {Martayan}, C. and {Martinez-Rubi}, O. and {Massart}, B. and
        {Meynadier}, F. and {Mignot}, S. and {Munari}, U. and {Nguyen},
        A. -T. and {Nordlander}, T. and {Ocvirk}, P. and {O'Flaherty},
        K.~S. and {Olias Sanz}, A. and {Ortiz}, P. and {Osorio}, J. and
        {Oszkiewicz}, D. and {Ouzounis}, A. and {Palmer}, M. and {Park},
        P. and {Pasquato}, E. and {Peltzer}, C. and {Peralta}, J. and
        {P{\'e}turaud}, F. and {Pieniluoma}, T. and {Pigozzi}, E. and
        {Poels}, J. and {Prat}, G. and {Prod'homme}, T. and {Raison}, F.
        and {Rebordao}, J.~M. and {Risquez}, D. and {Rocca-Volmerange},
        B. and {Rosen}, S. and {Ruiz-Fuertes}, M.~I. and {Russo}, F. and
        {Sembay}, S. and {Serraller Vizcaino}, I. and {Short}, A. and
        {Siebert}, A. and {Silva}, H. and {Sinachopoulos}, D. and
        {Slezak}, E. and {Soffel}, M. and {Sosnowska}, D. and
        {Strai{\v{z}}ys}, V. and {ter Linden}, M. and {Terrell}, D. and
        {Theil}, S. and {Tiede}, C. and {Troisi}, L. and {Tsalmantza},
        P. and {Tur}, D. and {Vaccari}, M. and {Vachier}, F. and
        {Valles}, P. and {Van Hamme}, W. and {Veltz}, L. and {Virtanen},
        J. and {Wallut}, J. -M. and {Wichmann}, R. and {Wilkinson},
        M.~I. and {Ziaeepour}, H. and {Zschocke}, S.},
        title = "{The Gaia mission}",
      journal = {\aap},
     keywords = {space vehicles: instruments, Galaxy: structure, astrometry, parallaxes, proper motions, telescopes, Astrophysics - Instrumentation and Methods for Astrophysics},
         year = 2016,
        month = Nov,
       volume = {595},
          eid = {A1},
        pages = {A1},
          doi = {10.1051/0004-6361/201629272},
archivePrefix = {arXiv},
       eprint = {1609.04153},
 primaryClass = {astro-ph.IM},
       adsurl = {https://ui.adsabs.harvard.edu/\#abs/2016A&A...595A...1G},
      adsnote = {Provided by the SAO/NASA Astrophysics Data System}
}

@ARTICLE{Wong2016,
       author = {{Wong}, Ian and {Knutson}, Heather A. and {Kataria}, Tiffany and
        {Lewis}, Nikole K. and {Burrows}, Adam and {Fortney}, Jonathan
        J. and {Schwartz}, Joel and {Shporer}, Avi and {Agol}, Eric and
        {Cowan}, Nicolas B. and {Deming}, Drake and {D{\'e}sert}, Jean-
        Michel and {Fulton}, Benjamin J. and {Howard}, Andrew W. and
        {Langton}, Jonathan and {Laughlin}, Gregory and {Showman}, Adam
        P. and {Todorov}, Kamen},
        title = "{3.6 and 4.5 {\ensuremath{\mu}}m Spitzer Phase Curves of the Highly Irradiated Hot Jupiters WASP-19b and HAT-P-7b}",
      journal = {\apj},
     keywords = {planetary systems, stars: individual: WASP-19 and HAT-P-7, techniques: photometric, Astrophysics - Earth and Planetary Astrophysics},
         year = 2016,
        month = Jun,
       volume = {823},
          eid = {122},
        pages = {122},
          doi = {10.3847/0004-637X/823/2/122},
archivePrefix = {arXiv},
       eprint = {1512.09342},
 primaryClass = {astro-ph.EP},
       adsurl = {https://ui.adsabs.harvard.edu/\#abs/2016ApJ...823..122W},
      adsnote = {Provided by the SAO/NASA Astrophysics Data System}
}

@ARTICLE{WangS2018,
   author = {{Wang}, S. and {Addison}, B. and {Fischer}, D.~A. and {Brewer}, J.~M. and 
	{Isaacson}, H. and {Howard}, A.~W. and {Laughlin}, G.},
    title = "{Stellar Spin-Orbit Alignment for Kepler-9, a Multi-transiting Planetary System with Two Outer Planets Near 2:1 Resonance}",
  journal = {\aj},
archivePrefix = "arXiv",
   eprint = {1712.06409},
 primaryClass = "astro-ph.EP",
 keywords = {methods: observational, planetary systems, planets and satellites: individual: Kepler-9b, stars: individual: Kepler-9, techniques: radial velocities, techniques: spectroscopic},
     year = 2018,
    month = feb,
   volume = 155,
      eid = {70},
    pages = {70},
      doi = {10.3847/1538-3881/aaa2fb},
   adsurl = {http://adsabs.harvard.edu/abs/2018AJ....155...70W},
  adsnote = {Provided by the SAO/NASA Astrophysics Data System}
}


@ARTICLE{Millholland2018,
   author = {{Millholland}, S. and {Laughlin}, G.},
    title = "{Obliquity Tides May Drive WASP-12b{\rsquo}s Rapid Orbital Decay}",
  journal = {\apjl},
archivePrefix = "arXiv",
   eprint = {1812.01624},
 primaryClass = "astro-ph.EP",
 keywords = {planet{\ndash}star interactions, planets and satellites: detection, planets and satellites: dynamical evolution and stability, planets and satellites: individual: WASP-12b},
     year = 2018,
    month = dec,
   volume = 869,
      eid = {L15},
    pages = {L15},
      doi = {10.3847/2041-8213/aaedb1},
   adsurl = {http://adsabs.harvard.edu/abs/2018ApJ...869L..15M},
  adsnote = {Provided by the SAO/NASA Astrophysics Data System}
}

@ARTICLE{Weinberg2017,
   author = {{Weinberg}, N.~N. and {Sun}, M. and {Arras}, P. and {Essick}, R.
	},
    title = "{Tidal Dissipation in WASP-12}",
  journal = {\apjl},
archivePrefix = "arXiv",
   eprint = {1710.00858},
 primaryClass = "astro-ph.EP",
 keywords = {binaries: close, planet{\ndash}star interactions, planets and satellites: individual: WASP-12b, stars: oscillations},
     year = 2017,
    month = nov,
   volume = 849,
      eid = {L11},
    pages = {L11},
      doi = {10.3847/2041-8213/aa9113},
   adsurl = {http://adsabs.harvard.edu/abs/2017ApJ...849L..11W},
  adsnote = {Provided by the SAO/NASA Astrophysics Data System}
}

@ARTICLE{WangS2017,
   author = {{Wang}, S. and {Wu}, D.-H. and {Barclay}, T. and {Laughlin}, G.~P.
	},
    title = "{Updated Masses for the TRAPPIST-1 Planets}",
  journal = {arXiv e-prints},
archivePrefix = "arXiv",
   eprint = {1704.04290},
 primaryClass = "astro-ph.EP",
 keywords = {Astrophysics - Earth and Planetary Astrophysics},
     year = 2017,
    month = apr,
   adsurl = {http://adsabs.harvard.edu/abs/2017arXiv170404290W},
  adsnote = {Provided by the SAO/NASA Astrophysics Data System}
}

@ARTICLE{Wu2018,
   author = {{Wu}, D.-H. and {Wang}, S. and {Zhou}, J.-L. and {Steffen}, J.~H. and 
	{Laughlin}, G.},
    title = "{TTV-determined Masses for Warm Jupiters and Their Close Planetary Companions}",
  journal = {\aj},
archivePrefix = "arXiv",
   eprint = {1807.02217},
 primaryClass = "astro-ph.EP",
 keywords = {planets and satellites: detection, planets and satellites: dynamical evolution and stability},
     year = 2018,
    month = sep,
   volume = 156,
      eid = {96},
    pages = {96},
      doi = {10.3847/1538-3881/aad22b},
   adsurl = {http://adsabs.harvard.edu/abs/2018AJ....156...96W},
  adsnote = {Provided by the SAO/NASA Astrophysics Data System}
}

@ARTICLE{Steffen2012b,
       author = {{Steffen}, J.~H. and {Ragozzine}, D. and {Fabrycky}, D.~C. and {Carter},
        J.~A. and {Ford}, E.~B. and {Holman}, M.~J. and {Rowe}, J.~F.
        and {Welsh}, W.~F. and {Borucki}, W.~J. and {Boss}, A.~P. and
        {Ciardi}, D.~R. and {Quinn}, S.~N.},
        title = "{Kepler constraints on planets near hot Jupiters}",
      journal = {Proceedings of the National Academy of Science},
     keywords = {Astrophysics - Earth and Planetary Astrophysics},
         year = 2012,
        month = May,
       volume = {109},
        pages = {7982-7987},
          doi = {10.1073/pnas.1120970109},
archivePrefix = {arXiv},
       eprint = {1205.2309},
 primaryClass = {astro-ph.EP},
       adsurl = {https://ui.adsabs.harvard.edu/\#abs/2012PNAS..109.7982S},
      adsnote = {Provided by the SAO/NASA Astrophysics Data System}
}

@MISC{Eastman2017,
       author = {{Eastman}, Jason},
        title = "{EXOFASTv2: Generalized publication-quality exoplanet modeling code}",
     keywords = {Software},
         year = 2017,
        month = Oct,
          eid = {ascl:1710.003},
        pages = {ascl:1710.003},
archivePrefix = {ascl},
       eprint = {1710.003},
       adsurl = {https://ui.adsabs.harvard.edu/\#abs/2017ascl.soft10003E},
      adsnote = {Provided by the SAO/NASA Astrophysics Data System}
}

@ARTICLE{Bakos2012,
       author = {{Bakos}, G.},
        title = "{Planet Hunting With HATNet and HATSouth}",
      journal = {Journal of the American Association of Variable Star Observers (JAAVSO)},
         year = 2012,
        month = Jun,
       volume = {40},
        pages = {241},
       adsurl = {https://ui.adsabs.harvard.edu/\#abs/2012JAVSO..40..241B},
      adsnote = {Provided by the SAO/NASA Astrophysics Data System}
}

@ARTICLE{Pepper2007,
       author = {{Pepper}, Joshua and {Pogge}, Richard W. and {DePoy}, D.~L. and
        {Marshall}, J.~L. and {Stanek}, K.~Z. and {Stutz}, Amelia M. and
        {Poindexter}, Shawn and {Siverd}, Robert and {O'Brien}, Thomas
        P. and {Trueblood}, Mark and {Trueblood}, Patricia},
        title = "{The Kilodegree Extremely Little Telescope (KELT): A Small Robotic Telescope for Large-Area Synoptic Surveys}",
      journal = {Publications of the Astronomical Society of the Pacific},
     keywords = {Astronomical Instrumentation, Astrophysics},
         year = 2007,
        month = Aug,
       volume = {119},
        pages = {923-935},
          doi = {10.1086/521836},
archivePrefix = {arXiv},
       eprint = {0704.0460},
 primaryClass = {astro-ph},
       adsurl = {https://ui.adsabs.harvard.edu/\#abs/2007PASP..119..923P},
      adsnote = {Provided by the SAO/NASA Astrophysics Data System}
}

@ARTICLE{WangS2014,
       author = {{Wang}, Songhu and {Zhang}, Hui and {Zhou}, Ji-Lin and {Zhou}, Xu and
        {Yang}, Ming and {Wang}, Lifan and {Bayliss}, D. and {Zhou}, G.
        and {Ashley}, M.~C.~B. and {Fan}, Zhou and {Feng}, Long-Long and
        {Gong}, Xuefei and {Lawrence}, J.~S. and {Liu}, Huigen and
        {Liu}, Qiang and {Luong-Van}, D.~M. and {Ma}, Jun and {Meng},
        Zeyang and {Storey}, J.~W.~V. and {Wittenmyer}, R.~A. and {Wu},
        Zhenyu and {Yan}, Jun and {Yang}, Huigen and {Yang}, Ji and
        {Yang}, Jiayi and {Yuan}, Xiangyan and {Zhang}, Tianmeng and
        {Zhu}, Zhenxi and {Zou}, Hu},
        title = "{Planetary Transit Candidates in the CSTAR Field: Analysis of the 2008 Data}",
      journal = {The Astrophysical Journal Supplement Series},
     keywords = {methods: data analysis, planetary systems, surveys, techniques: photometric, Astrophysics - Earth and Planetary Astrophysics},
         year = 2014,
        month = Apr,
       volume = {211},
          eid = {26},
        pages = {26},
          doi = {10.1088/0067-0049/211/2/26},
archivePrefix = {arXiv},
       eprint = {1403.0086},
 primaryClass = {astro-ph.EP},
       adsurl = {https://ui.adsabs.harvard.edu/\#abs/2014ApJS..211...26W},
      adsnote = {Provided by the SAO/NASA Astrophysics Data System}
}

@INPROCEEDINGS{Alonso2007,
       author = {{Alonso}, R. and {Brown}, T.~M. and {Charbonneau}, D. and {Dunham},
        E.~W. and {Belmonte}, J.~A. and {Deeg}, H.~J. and
        {Fern{\'a}ndez}, J.~M. and {Latham}, D.~W. and {Mandushev}, G.
        and {O'Donovan}, F.~T. and {Rabus}, M. and {Torres}, G.},
        title = "{The Transatlantic Exoplanet Survey (TrES): A Review}",
    booktitle = {Transiting Extrapolar Planets Workshop},
         year = 2007,
       editor = {{Afonso}, C. and {Weldrake}, D. and {Henning}, Th.},
       series = {Astronomical Society of the Pacific Conference Series},
       volume = {366},
        month = Jul,
        pages = {13},
       adsurl = {https://ui.adsabs.harvard.edu/\#abs/2007ASPC..366...13A},
      adsnote = {Provided by the SAO/NASA Astrophysics Data System}
}

@ARTICLE{vonEssen2018,
       author = {{von Essen}, C. and {Ofir}, A. and {Dreizler}, S. and {Agol}, E. and
         {Freudenthal}, J. and {Hern{\'a}ndez}, J. and {Wedemeyer}, S. and
         {Parkash}, V. and {Deeg}, H.~J. and {Hoyer}, S. and {Morris}, B.~M. and
         {Becker}, A.~C. and {Sun}, L. and {Gu}, S.~H. and {Herrero}, E. and
         {Tal-Or}, L. and {Poppenhaeger}, K. and {Mallonn}, M. and
         {Albrecht}, S. and {Khalafinejad}, S. and {Boumis}, P. and
         {Delgado-Correal}, C. and {Fabrycky}, D.~C. and {Janulis}, R. and
         {Lalitha}, S. and {Liakos}, A. and {Mikolaitis}, {\v{S}}. and
         {Moyano D'Angelo}, M.~L. and {Sokov}, E. and
         {Pak{\v{s}}tien{\.{e}}}, E. and {Popov}, A. and {Krushinsky}, V. and
         {Ribas}, I. and {Rodr{\'\i}guez S.}, M.~M. and {Rusov}, S. and
         {Sokova}, I. and {Tautvai{\v{s}}ien{\.{e}}}, G. and {Wang}, X.},
        title = "{Kepler Object of Interest Network. I. First results combining ground- and space-based observations of Kepler systems with transit timing variations}",
      journal = {\aap},
     keywords = {instrumentation: photometers, methods: data analysis, techniques: photometric, planets and satellites: dynamical evolution and stability, Astrophysics - Earth and Planetary Astrophysics},
         year = "2018",
        month = "Jul",
       volume = {615},
          eid = {A79},
        pages = {A79},
          doi = {10.1051/0004-6361/201732483},
archivePrefix = {arXiv},
       eprint = {1801.06191},
 primaryClass = {astro-ph.EP},
       adsurl = {https://ui.adsabs.harvard.edu/abs/2018A&A...615A..79V},
      adsnote = {Provided by the SAO/NASA Astrophysics Data System}
}


@ARTICLE{CollierCameron2018,
       author = {{Collier Cameron}, Andrew and {Jardine}, Moira},
        title = "{Hierarchical Bayesian calibration of tidal orbit decay rates among hot Jupiters}",
      journal = {\mnras},
     keywords = {methods: statistical, planets and satellites: dynamical evolution and stability, planetary systems, planet-star interactions, Astrophysics - Earth and Planetary Astrophysics},
         year = "2018",
        month = "May",
       volume = {476},
       number = {2},
        pages = {2542-2555},
          doi = {10.1093/mnras/sty292},
archivePrefix = {arXiv},
       eprint = {1801.10561},
 primaryClass = {astro-ph.EP},
       adsurl = {https://ui.adsabs.harvard.edu/abs/2018MNRAS.476.2542C},
      adsnote = {Provided by the SAO/NASA Astrophysics Data System}
}